2117 2590
1800 190 1817 216 l
1832 192 1846 216 l

357 287 412 321 24„
441 279 619 311 Eaetensor
657 275 782 308 indicis
825 272 938 309 brevis
984 273 1028 307 ab
1072 271 1289 307 antibrachii
1323 272 1517 308 tuberculo
1552 272 1688 307 dorsali
1727 282 1852 309 enatus

255 354 340 377 cum
366 341 609 376 andecedente
630 340 814 374 inseritur.

354 410 616 450 25.*Eaetensor
650 406 850 453 digitorum
875 403 999 438 brevis.
1056 407 1100 437 In
1137 403 1245 437 dorso
1278 414 1404 437 manus
1440 403 1544 449 parvi
1575 403 1853 449 conspiciuntur

256 473 413 507 musculi
440 471 616 518 phalangi
643 470 842 517 digitorum
868 469 1005 515 primae
1033 469 1170 502 inserti.

356 542 411 572 26.
439 550 493 580 27.
518 536 745 571 Rudimento
769 535 904 580 pollicis
926 545 1034 579 supra
1056 541 1259 567 memorato
1285 533 1456 579 proprius
1481 540 1654 574 extensor,
1679 531 1792 567 brevis
1818 541 1855 567 et

257 604 424 649 exiguus,
450 603 645 647 minorque
671 600 791 634 adhuc
818 598 1031 633 conceditur
1048 595 1172 644 flexor
1199 599 1381 643 proprius·

358 675 413 706 28.
439 666 623 700 Abeluceor
643 666 752 713 digiti
780 665 922 698 minimi
943 664 986 698 ab
1014 662 1234 697 antibrachii
1259 663 1457 697 tuberculo
1483 663 1600 697 volari
1630 662 1792 696 nascitur
1818 671 1856 696 et

259 732 328 766 ossi
356 733 553 777 metacarpi
587 731 694 777 digiti
721 731 823 763 illius
850 730 1035 763 inseritur.

358 808 413 839 29.
440 797 626 830 Aclcluceor
652 796 761 843 [ligici
787 795 928 828 minimi
950 806 969 828 a
995 794 1105 828 tertio
1128 801 1164 826 et
1191 800 1321 837 quarto
1347 791 1544 837 metacarpi
1571 791 1711 826 ossibus
1737 791 1859 826 oritur

261 870 297 895 et
317 870 525 907 metacarpo
549 861 653 907 digiti
675 861 819 893 minimi
842 858 1022 905 infigitur.

359 937 404 968 50
419 944 465 949 —
484 937 541 968 53.
566 924 808 959 Lunzbricales
830 923 962 957 adsunt
979 932 1146 968 quatuor,
1167 921 1303 967 partim
1318 931 1337 954 a
1353 919 1566 954 tendinibus
1582 918 1733 954 flexoris
1754 933 1856 955 com-

259 991 392 1031 munis,
417 991 550 1035 partim
576 991 620 1023 ab
658 989 778 1023 osibus
802 989 999 1033 metacarpi
1025 988 1132 1027 enati,
1156 996 1231 1020 tam
1252 985 1391 1019 ossibus
1417 986 1616 1029 metacarpi
1651 997 1759 1030 quam
1781 987 1858 1031 pri-

260 1067 341 1088 mae
364 1055 538 1101 phalangi
560 1054 764 1099 digitorum
787 1053 1009 1086 inseruntur.
1060 1055 1352 1085 Interosseormn
1381 1049 1494 1083 simul
1522 1049 1663 1083 vicibus
1698 1050 1859 1097 fungun-

263 1128 324 1154 tur
350 1128 389 1154 et
411 1119 622 1154 animalculi
650 1120 792 1152 ratione
818 1117 943 1151 habita
975 1116 1164 1150 fortissimi
1187 1123 1283 1150 sunt.

1008 1208 1035 1246 §.
1068 1219 1121 1241 11..

712 1273 874 1307 Mztsculi
905 1273 1162 1305 Extremitates
1183 1270 1401 1316 posterioria

366 1352 395 1373 1.
427 1341 558 1373 Tensor
579 1335 716 1385 fasciae
743 1338 847 1371 lame.
899 1336 1058 1370 Femoris
1092 1336 1248 1370 musculi
1284 1333 1502 1380 aponeurosi
1531 1335 1762 1374 coercentur,
1796 1333 1860 1368 fas-

264 1405 338 1438 ciae
358 1404 539 1437 humanae
562 1403 723 1448 analoga,
746 1403 805 1436 cui
832 1402 942 1435 etiam
964 1400 1150 1435 musculus
1168 1409 1290 1434 tensor
1316 1399 1464 1433 additur
1481 1398 1559 1444 pari
1574 1397 1685 1431 modo
1704 1410 1723 1431 a
1740 1410 1862 1444 super-

264 1481 309 1502 na
337 1469 422 1503 ossis
446 1468 556 1502 ilium
587 1477 691 1513 parte
723 1466 911 1501 oriundus.

365 1545 396 1567 2.
424 1533 555 1566 Iliacus
578 1533 738 1565 internus
760 1531 991 1575 longissimus
1017 1528 1080 1563 sed
1102 1528 1231 1570 tenuis,
1260 1536 1298 1562 et
1320 1528 1467 1562 tenuior
1491 1527 1642 1574 quidem
1676 1539 1716 1562 ac
1747 1528 1861 1574 pecti-

264 1610 353 1632 neus
375 1609 394 1631 a
419 1597 538 1631 media
561 1605 662 1642 parte
689 1594 900 1641 superficiei
921 1596 1088 1629 internae
1120 1603 1157 1628 et
1181 1593 1354 1638 marginis
1381 1593 1491 1626 antici
1515 1593 1601 1627 ossis
1625 1593 1733 1628 ilium
1759 1604 1861 1627 enas-

267 1664 371 1697 citur.
423 1662 526 1697 Conf.
551 1663 817 1708 insequentem.

366 1739 397 1771 5.
427 1728 608 1761 Pectineus
633 1726 855 1760 validissima
880 1737 987 1759 carne
1013 1724 1058 1758 ab
1083 1736 1159 1758 osse
1184 1723 1292 1757 ilium
1319 1731 1355 1756 et
1381 1722 1507 1768 pubis,
1540 1733 1611 1767 qua
1633 1721 1861 1769 conjungun-

267 1802 339 1834 tur,
363 1800 512 1826 exortus
539 1792 582 1825 ab
607 1791 770 1825 humano
795 1802 838 1824 eo
860 1791 1076 1836 praesertim
1101 1786 1225 1822 differt
1247 1787 1346 1833 quod
1377 1788 1526 1821 iliacum
1561 1788 1740 1833 recipiens
1767 1800 1864 1822 com-

267 1857 372 1891 muni
393 1856 543 1891 tendine
568 1855 764 1901 posteriori
780 1850 879 1890 ‘ossis
904 1854 1051 1889 femoris
1078 1853 1184 1888 lateri
1209 1853 1318 1899 longe
1350 1852 1546 1887 decurrens
1578 1850 1752 1898 affigatur.
1802 1856 1827 1887 F
1830 1865 1863 1886 e-

268 1934 354 1956 mur
377 1921 494 1955 ssectit
527 1929 564 1954 et
591 1920 748 1954 adducit.

366 1997 400 2029 4.
432 1986 583 2031 Triceps.
635 1985 861 2019 Adductores
895 1983 1066 2018 humanis
1092 1983 1274 2018 simillimi
1301 1983 1440 2029 pariter
1460 1981 1607 2024 brevem,
1639 1983 1790 2030 longum
1823 1990 1876 2016 et-

269 2063 446 2099 magnum
467 2050 703 2092 constituunt,
724 2061 884 2096 quorum
908 2048 969 2083 hic
994 2049 1207 2094 praesertim
1240 2048 1389 2082 nornine
1415 2059 1480 2081 suo
1507 2058 1650 2080 summo
1675 2046 1756 2090 jure
1787 2047 1862 2080 uti-

271 2125 344 2151 tur.

371 2173 403 2206 5.
433 2164 606 2198 Glutaeus
632 2162 761 2196 unicus
787 2162 885 2198 adest
906 2163 1021 2197 medio
1047 2161 1197 2208 quidem
1220 2161 1382 2195 hominis
1413 2160 1595 2206 analogus.
1653 2159 1708 2195 Ab
1744 2167 1861 2193 exter-

1237 2230 1315 2261 ΒΩ
