2117 2590
1028 261 1055 299 ἕ.
1083 264 1114 293 6.

786 329 1081 362 Exti-emitas
1108 329 1354 375 posterior,

275 400 406 432 Femur
427 397 648 444 primm-ima
674 397 729 431 uti
754 406 790 431 et
813 397 1065 432 secum-Iarimn
1089 399 1166 431 sive
1193 411 1231 432 os
1256 400 1353 431 ranis
1376 396 1553 439 additum,
1577 396 1810 432 salamandris
1837 405 1875 431 et

269 467 416 501 lacertis
452 479 526 501 non
560 479 786 508 concessum,
819 467 1028 501 auctoribus
1053 467 1223 512 plurimis
1256 478 1448 512 perperam
1476 479 1543 512 pro
1568 467 1658 501 tibia
1693 467 1872 507 habitum,

270 536 358 570 dum
384 543 477 574 ffcrus
502 535 646 570 duobus
676 536 839 570 ossiculis
865 536 1051 581 parallelis
1076 548 1179 582 saepe
1203 536 1343 570 coalitis
1370 537 1555 577 constans,
1588 536 1775 569 immerito
1801 535 1875 569 cal-

271 617 426 639 caneum
453 614 489 639 et
521 605 738 651 astragalum
768 613 916 647 vocant,
950 605 1038 639 licet
1070 605 1170 639 idem
1203 606 1239 639 in
1270 604 1504 639 salamandris
1539 614 1575 639 et
1612 605 1756 639 lacertis
1793 616 1874 638 crus

269 686 400 708 vocare
425 674 539 708 coacti
562 675 644 715 sint,
669 686 688 708 a
716 673 831 708 forma
857 674 964 708 solita
988 686 1063 707 non
1087 674 1274 708 recedunt.

368 743 444 777 Ubi
473 743 594 777 femur
615 742 872 777 secundarium
896 755 979 777 cum
1014 755 1122 777 crure
1157 744 1242 785 coit,
1272 745 1406 789 patella
1438 744 1657 777 observatur
1686 743 1875 777 musculo-

269 824 353 846 rum
380 811 522 846 tendini
548 813 728 854 immersa,
753 821 878 847 nostro
900 813 938 846 in
964 813 1164 858 specimine
1188 812 1308 846 adhuc
1337 813 1572 857 cartilaginea
1609 816 1744 857 <neque
1775 823 1874 846 ossea

270 889 313 914 ut
338 881 376 914 in
402 881 506 925 Pipa)
533 889 695 914 ceterum
723 882 880 926 patellae
907 882 1089 915 humanae
1114 881 1197 916 satis
1222 881 1390 927 analoga,
1417 892 1487 927 qua
1512 881 1651 915 ossibus
1690 880 1875 915 incumbit

267 949 387 995 plana,
411 957 562 983 externe
591 961 765 983 convexa.

373 1020 506 1052 Tarsus
533 1018 672 1052 ossibus
699 1027 858 1063 quatuor
882 1018 1136 1064 inaequalibus
1173 1027 1329 1060 constat,
1363 1031 1523 1064 quorum
1553 1027 1728 1065 quartum
1759 1019 1874 1052 breve

270 1087 332 1121 sed
354 1087 592 1120 latiusculum
615 1087 702 1132 (Fig.
730 1090 773 1120 V.
800 1085 853 1129 4.)
886 1099 962 1120 ossa
989 1088 1174 1122 metatarsi
1199 1096 1390 1133 quartum,
1419 1089 1575 1122 tertium
1605 1097 1642 1123 et
1669 1088 1873 1122 secundum

271 1156 423 1202 recipit3
446 1156 596 1189 tertium
622 1156 743 1189 multo
765 1155 881 1199 majus
906 1157 998 1201 (Fig.
1022 1160 1064 1190 V.
1089 1156 1139 1201 5.)
1166 1169 1241 1191 ossa
1267 1158 1464 1203 metacarpi
1495 1158 1649 1191 tertium
1679 1166 1717 1191 et
1742 1169 1872 1191 secun-

272 1225 363 1259 dum
388 1224 482 1269 adit3
517 1224 719 1258 secundum
753 1225 843 1270 (Εἰς.
868 1228 895 1258 Ι.
924 1233 960 1258 et
981 1228 1024 1258 V.
1053 1229 1101 1264 ε.)
1128 1226 1282 1271 oblique
1312 1227 1512 1260 introrsum
1541 1226 1756 1273 elongatum
1785 1238 1871 1260 cum

271 1306 348 1328 osse
386 1293 570 1326 metatarsi
609 1294 730 1338 primo
773 1293 962 1338 cohaeret3
995 1294 1160 1339 primum
1191 1294 1351 1340 denique
1384 1295 1480 1334 (cum
1514 1295 1633 1340 talpae
1662 1307 1742 1329 osse
1772 1296 1871 1341 carpi

270 1362 468 1397 falciformi
483 1362 559 1396 fere
580 1361 883 1408 comparandum)
909 1362 1110 1397 secundum
1128 1364 1366 1409 amplectitur
1390 1373 1426 1397 et
1452 1372 1660 1398 :introrsum
1684 1365 1792 1398 latius
1818 1373 1871 1398 est

271 1431 394 1476 (Fig.1
411 1439 448 1465 et
463 1434 507 1465 V.
534 1429 582 1476 ι.)
610 1434 708 1477 Quae
735 1431 924 1477 dispositio
951 1432 1053 1477 pedis
1079 1432 1317 1466 latitudinem
1338 1441 1375 1466 et
1399 1433 1515 1467 robur
1541 1433 1731 1479 insigniter
1751 1442 1870 1479 auget.

365 1500 509 1534 Ossium
534 1502 725 1533 rizetaearsi
749 1501 950 1546 quinormn
976 1501 1147 1545 quintum
1175 1512 1259 1534 cum
1284 1512 1402 1543 crure,
1435 1502 1577 1547 reliqua
1611 1514 1696 1536 cum
1727 1503 1869 1537 ossibus

268 1569 355 1603 tarsi
381 1568 498 1602 tribus
522 1568 728 1602 minoribus
756 1569 968 1602 articulant.
1017 1571 1064 1603 Os
1086 1569 1271 1604 metatarsi
1293 1579 1470 1615 quartum
1488 1571 1765 1617 longissimum,
1795 1573 1871 1617 pri-

267 1649 371 1672 mum
397 1637 658 1671 brevissimum
682 1645 746 1670 est.

367 1705 570 1754 Plzalanges
595 1715 758 1740 ceterum
783 1705 899 1752 digito
921 1707 1043 1751 primo
1072 1715 1108 1740 et
1133 1707 1292 1742 secundo
1312 1708 1430 1749 binae,
1457 1717 1581 1742 ternae
1610 1709 1737 1753 tertio,
1764 1721 1870 1757 quar-

266 1784 305 1810 to
327 1783 534 1822 quaternae,
560 1784 685 1810 ternae
708 1776 847 1810 iterum
871 1783 956 1809 sunt
982 1776 1124 1822 quinto.

511 1878 763 1923 SECTIO
795 1878 1132 1923 SECUNDA
1159 1880 1619 1924 MYOLOGICA.

1023 1960 1051 1998 §-
1079 1972 1110 2002 7-

878 2028 910 2061 G
935 2040 952 2062 e
977 2040 1000 2062 n
1026 2040 1043 2062 e
1068 2041 1088 2062 r
1114 2041 1136 2061 a
1161 2029 1174 2061 l
1195 2029 1208 2062 i
1233 2040 1265 2061 a.

362 2095 558 2142 Myologia
584 2105 791 2142 comparata
812 2096 1001 2130 laboribus
1028 2097 1275 2143 plurimorum
1300 2097 1505 2140 conjunctis
1520 2107 1612 2144 eget,
1639 2099 1772 2145 quibus
1791 2111 1865 2136 tan-

267 2165 351 2200 dem
379 2165 528 2199 nomine
553 2164 660 2210 digna
693 2165 888 2208 reddatur,
921 2167 1078 2201 musculi
1108 2167 1206 2200 enim
1238 2178 1439 2212 paucorum
1472 2176 1617 2202 tantum
1650 2170 1865 2207 animalium
