2117 2590
1841 171 1866 184 F·

1849 185 1861 210 l

262 257 364 292 Rana
392 260 544 287 cornuta
569 250 688 297 quoad
710 249 837 296 capitis
860 256 979 295 partes
1004 249 1136 282 molles
1154 248 1276 282 minus
1301 248 1394 282 bene
1417 259 1629 284 conservata
1666 250 1729 284 vix
1756 255 1868 288 extri-

262 333 344 356 care
368 322 486 363 licuit,
508 320 569 354 sed
595 329 669 354 tam
706 328 932 354 illusseterem
967 330 1075 364 quam
1108 318 1323 364 praesertim
1352 320 1583 365 temporalem
1622 319 1866 357 validissimos

262 391 395 436 reperi.
449 393 529 436 Quo
556 389 703 430 accedit,
726 389 809 423 loco
835 401 1018 434 processus
1043 387 1255 421 coronoidei
1282 389 1377 421 ranis
1408 389 1493 423 alias
1525 390 1645 436 negati
1673 390 1710 423 in
1734 403 1868 426 cornu-

262 468 296 493 ta
324 459 579 492 mandibulam
602 459 639 492 in
665 459 807 504 spinam
835 459 1004 504 exiguam
1020 457 1166 499 elevari,
1186 469 1259 503 quo
1274 458 1485 503 temporalis
1508 458 1659 492 insertio
1686 472 1759 494 non
1783 471 1866 507 pot-

261 537 314 562 est
340 529 429 574 quin
455 527 601 563 firmior
626 527 773 562 evadat<

1017 620 1044 658 §-
1070 630 1102 660 9-

898 688 1058 721 ]ῑῙιιςειιῖἰ
1083 687 1216 733 spinae.

360 768 389 790 1.
418 754 830 804 Trachalotympanicus,
851 757 1013 792 hominis
1047 756 1412 790 Trachelomascoideo
1439 756 1711 802 quodammodo
1739 759 1862 793 analo-

238 860 240 869 ,
258 836 335 871 gus,
353 837 553 871 aprocessu
581 827 774 861 vertebrae
790 826 970 861 secundae
992 835 1197 860 transverso
1222 824 1464 866 costaeformi,
1486 826 1550 858 ubi
1574 838 1658 859 cum
1683 827 1861 862 latissimo

259 893 357 926 dorsi
383 894 570 936 cohaeret,
593 904 744 929 exortus
770 905 940 929 ventrem
964 895 1157 929 constituit
1178 906 1353 928 carneum
1375 906 1499 928 versus
1523 904 1631 940 caput
1657 896 1860 930 increscen-

257 971 343 1001 tem,
369 963 514 997 tandem
542 963 691 998 tendine
718 964 807 998 forti
829 964 1050 998 eminentiae
1082 963 1169 997 ossis
1194 964 1398 1008 tympanici
1424 964 1578 1009 aliisque
1609 963 1714 998 fibris
1748 966 1859 1000 tendi-

257 1031 332 1064 neis
357 1032 522 1076 capsulae
547 1033 696 1066 articuli
723 1032 959 1066 mandibulae
981 1032 1166 1065 inseritur.
1218 1032 1352 1077 Capitis
1376 1041 1496 1067 motus
1528 1033 1696 1068 laterales
1722 1034 1859 1080 dirigit,

257 1099 410 1133 insimul
435 1108 559 1134 autem
587 1101 770 1147 digastrici
798 1101 1033 1135 mandibulae
1060 1101 1104 1134 ad
1130 1102 1242 1135 instar
1267 1113 1306 1134 os
1332 1102 1460 1147 aperit.

356 1180 386 1203 2.
410 1172 536 1203 Rectus
561 1171 699 1204 mztz'cus
723 1183 742 1204 a
768 1182 937 1216 processu
972 1170 1165 1205 vertebrae
1195 1171 1336 1216 primae
1371 1180 1577 1206 transverso
1604 1181 1753 1207 exortus
1788 1174 1859 1207 ossi

256 1238 402 1272 basilari
424 1250 538 1284 prope
562 1238 724 1273 foramen
751 1252 925 1286 magnum
949 1240 1136 1274 inseritur,

356 1318 388 1350 3.
416 1306 706 1350 Lumbocoscalis,
738 1310 890 1343 Caviero
916 1309 1010 1343 bene
1027 1308 1241 1354 descriptus,
1268 1309 1512 1344 hoministam
1529 1312 1735 1357 trapezium
1751 1324 1860 1357 quani

257 1375 567 1410 sacrolumbarem
587 1377 758 1420 referens,
782 1379 827 1413 ab
852 1390 930 1413 osse
956 1379 1119 1424 coccygis
1153 1378 1347 1412 tendineus
1380 1380 1530 1426 incipit,
1563 1389 1599 1414 et
1631 1382 1859 1415 musculosus

257 1444 301 1478 ad
328 1453 437 1490 caput
462 1457 577 1491 usque
604 1448 787 1493 procedit,
812 1449 872 1482 cui
897 1449 1093 1492 inseritur3
1120 1448 1391 1493 praetereundo
1418 1458 1541 1484 autem
1566 1450 1719 1496 singulis
1745 1459 1860 1485 verte-

255 1513 406 1547 brarum
428 1516 654 1560 processibus
677 1518 889 1552 transversis
911 1516 1024 1551 fibras
1047 1516 1236 1551 tendineas
1259 1516 1427 1564 largitur,
1442 1530 1515 1564 quo
1530 1517 1740 1565 superficies
1756 1520 1859 1555 illius

255 1582 510 1628 inscriptiones
533 1585 721 1619 tendineas
743 1585 887 1619 referat.

352 1660 386 1695 4.
416 1654 780 1688 Incerti-ansversarii
804 1654 916 1689 fortes
942 1654 1085 1697 adsunt,
1110 1655 1280 1690 humanis
1304 1656 1464 1703 analogi,
1489 1669 1563 1691 non
1588 1658 1709 1692 solum
1734 1667 1857 1693 autem

255 1721 352 1753 inter
373 1721 534 1768 singulos
559 1723 814 1759 vertebrarum
841 1737 1029 1770 processus
1056 1733 1279 1760 transversos
1305 1735 1515 1768 occurrunt,
1541 1727 1602 1761 sed
1626 1727 1779 1763 ultimus
1800 1729 1858 1762 in-

256 1798 313 1823 ter
336 1791 529 1825 vertebrae
551 1793 704 1827 ultimae
728 1806 940 1839 processum
966 1803 1214 1829 transversum
1234 1804 1270 1829 et
1293 1796 1362 1830 alas
1383 1797 1468 1830 ossis
1483 1797 1572 1831 sacri
1589 1797 1714 1832 locum
1733 1798 1857 1832 habet.

355 1869 386 1901 5.
414 1861 689 1909 Ileococcygeus,
710 1863 807 1908 apud
837 1864 1029 1898 Cuvierum
1051 1865 1119 1898 sub
1146 1864 1436 1912 ischiococcygei
1452 1867 1602 1900 nomine
1616 1868 1778 1910 veniens,
1796 1880 1858 1902 va-

255 1926 457 1963 lidissimus
482 1939 545 1964 est.
596 1931 725 1966 Fibrae
749 1931 912 1976 ejusdem
937 1934 982 1967 ab
1008 1934 1183 1968 inferiore
1209 1942 1245 1968 et
1279 1934 1399 1969 media
1435 1937 1522 1970 ossis
1555 1936 1720 1982 coccygia
1751 1946 1856 1983 parte

257 2006 406 2031 exortae
436 1999 611 2046 obliquae
646 2010 854 2036 antrorsum
892 2003 1050 2037 tendunt
1092 2003 1254 2050 fortique
1291 2005 1440 2039 tendine
1474 2006 1619 2040 interno
1662 2006 1748 2041 ossis
1796 2007 1854 2041 ilii

257 2066 372 2101 latere
396 2080 512 2114 prope
543 2072 763 2116 symphysin
795 2073 1041 2108 sacroiliacam
1070 2073 1291 2109 inseruntur.
1340 2075 1549 2111 Maximam
1579 2083 1722 2122 partem
1754 2076 1854 2111 inter

256 2147 332 2170 ossa
353 2137 462 2172 ilium
487 2147 524 2172 et
549 2141 716 2187 coccygia
741 2141 868 2187 replet.
