2117 2590
1839 176 1865 217 ἓ)

365 262 396 291 6.
427 257 620 291 Feci-omlis
641 256 758 301 major
787 256 938 289 Czwc'ero
960 253 1100 289 duabus
1127 255 1360 301 portionibus
1386 268 1404 290 a
1429 265 1552 291 sterno
1582 259 1776 303 provenire
1800 260 1856 293 di-

264 322 369 363 citur,
394 322 456 356 sed
481 322 612 355 talium
638 329 797 365 quatuor
821 320 858 353 in
883 327 1036 354 cornuta
1064 320 1325 364 observantur3
1348 333 1495 366 quaram
1516 323 1607 356 duae
1626 324 1765 369 priores
1791 326 1858 358 mi-

262 399 368 421 nores
393 387 438 420 ab
458 387 574 421 antica
596 393 697 431 parte
721 385 835 418 sterni
862 383 1088 430 (manubrio)
1115 394 1263 418 exortae
1289 386 1326 419 in
1355 386 1504 420 brachio
1522 387 1712 433 bicipitem
1738 390 1856 423 utrin-

263 467 334 502 que
358 453 537 493 ambiunt,
561 463 684 485 versus
720 458 828 495 caput
861 451 948 483 ossis
977 450 1123 483 humeri
1159 459 1283 484 autem
1322 451 1595 496 conjunguntur
1630 454 1856 499 tertiumque

262 528 431 554 ventrem
455 517 646 562 colligunt,
673 515 737 560 qui
763 515 836 547 illis
864 515 996 548 fortior
1018 526 1036 548 a
1062 515 1181 548 media
1207 517 1318 550 sterni
1342 525 1443 562 parte
1471 517 1661 559 oboritur,
1690 527 1731 552 ut
1757 532 1856 554 com-

262 585 366 618 muni
392 583 542 617 tendine
565 581 647 616 satis
671 580 747 613 lato
770 580 988 613 eminentiae
1015 591 1078 613 seu
1103 581 1230 614 cristae
1255 582 1342 614 ossis
1369 581 1515 614 humeri
1535 582 1699 616 internae
1716 581 1857 629 affigan-

261 659 334 684 tur.
386 649 510 683 Portio
533 654 660 692 quarta
680 645 900 679 validissima
927 656 945 677 a
968 653 1069 690 parte
1091 646 1203 679 sterni
1226 646 1366 680 latioris
1392 645 1478 680 facti
1510 654 1661 680 externa
1694 650 1796 682 venit
1821 658 1857 682 et

262 716 348 751 forti
374 713 523 748 tendine
550 710 785 745 tuberculum
812 711 959 743 humeri
985 710 1089 755 petit.

360 793 390 822 7.
418 777 612 812 Pectoralis
633 776 846 809 accessor-ins
876 775 1025 809 (Σιινῐενο
1051 774 1181 816 dictus,
1204 786 1223 808 a
1248 775 1319 809 lata
1336 776 1449 809 sterni
1475 785 1577 821 parte
1595 776 1738 811 laterali
1756 789 1857 811 exor-

261 855 319 881 tus
343 847 489 879 interno
516 841 663 875 humeri
686 840 792 873 lateri
819 841 1002 874 inseritur.

361 920 392 948 ὅ.
420 906 628 941 Delcoideus
654 905 805 937 Cuviero
828 905 960 949 triceps
982 903 1128 945 dieitur,
1152 904 1219 937 ubi
1246 912 1367 937 tamen
1392 903 1581 938 fatendum
1614 914 1683 948 est,
1719 908 1857 952 portio-

260 987 346 1011 nem
366 972 590 1018 scapularem
615 977 755 1003 tantam
782 980 856 1002 esse
877 977 919 1001 ut
944 980 1052 1013 supra
1078 986 1126 992 ——
1152 977 1189 1002 et
1214 968 1308 1002 infra
1334 988 1382 993 —
1406 969 1591 1013 spinatum
1615 971 1726 1004 simul
1758 973 1856 1005 siste-

259 1053 300 1075 re
328 1039 507 1073 videatur.
558 1034 747 1068 Portiones
773 1032 865 1065 duae
889 1032 1029 1077 priores
1055 1043 1074 1064 a
1101 1032 1265 1077 margine
1288 1033 1408 1066 antico
1434 1033 1633 1067 claviculae
1663 1037 1855 1070 anterioris

260 1106 349 1149 (sive
372 1099 556 1143 furculae)
580 1107 617 1132 et
640 1098 872 1131 extremitate
896 1096 1078 1129 humerali
1093 1096 1258 1142 scapulae
1277 1096 1458 1138 oriuntur,
1483 1100 1633 1132 seorsim
1651 1100 1856 1145 procedunt

259 1171 345 1206 dein
369 1179 458 1202 vero
483 1164 632 1199 tendine
659 1161 848 1196 communi
865 1161 983 1195 lineae
1001 1161 1087 1194 ossis
1111 1161 1258 1194 humeri
1275 1162 1452 1195 eminenti
1471 1161 1677 1207 affiguntur.
1730 1166 1855 1198 Tertia

258 1248 346 1271 vero
371 1232 495 1280 portio
522 1242 540 1264 a
562 1237 665 1275 parte
689 1226 856 1272 scapulae
882 1226 1014 1259 mobili
1039 1234 1075 1259 et
1101 1226 1334 1270 cartilaginea
1361 1235 1488 1260 exorta
1514 1227 1656 1261 tendini
1676 1228 1773 1262 dicto
1796 1229 1855 1263 ad-

259 1302 359 1336 ditur
387 1297 540 1344 parique
564 1292 675 1327 modo
702 1303 739 1324 os
763 1291 915 1324 humeri
937 1291 1039 1335 petit.

358 1377 390 1407 9.
415 1357 689 1405 Subscapularis
715 1355 821 1389 valde
841 1355 1013 1389 robustus
1041 1363 1077 1388 et
1102 1355 1196 1389 latus
1222 1355 1266 1389 ab
1294 1356 1440 1390 intem-0
1456 1357 1569 1390 latere
1590 1357 1853 1391 clavicularffln

259 1442 329 1478 qua
353 1439 437 1463 cum
461 1424 605 1471 scapula
626 1421 853 1457 conveniunt
880 1419 1059 1453 oriundus
1091 1421 1289 1454 articulum
1317 1421 1466 1454 humeri
1497 1423 1671 1456 transiens
1704 1423 1853 1456 tendine

258 1495 427 1531 tenuiore
448 1490 511 1525 sed
536 1488 624 1522 forti
645 1486 826 1532 superiori
852 1486 1090 1529 internaeque
1110 1485 1257 1517 humeri
1280 1486 1375 1529 parti
1396 1486 1579 1519 inseritur.

359 1570 414 1594 ιο.
445 1557 548 1589 Teres
572 1553 702 1592 minor,
726 1551 814 1583 licet
840 1557 995 1594 uterque
1020 1557 1114 1582 teres
1140 1560 1159 1582 a
1185 1549 1336 1583 <iaz-iero
1357 1559 1521 1595 negetur,
1544 1552 1673 1596 utique
1699 1551 1737 1584 in
1763 1554 1852 1585 Cor-

259 1635 346 1662 nuta
369 1623 476 1657 adest.
527 1617 664 1652 Tenuis
689 1627 708 1649 a
731 1614 898 1660 scapulae
924 1614 1088 1659 margine
1115 1613 1233 1646 antico
1252 1613 1420 1658 procedit
1438 1623 1474 1647 et
1489 1616 1559 1648 ossi
1576 1615 1737 1649 bracchii
1754 1628 1853 1650 sum-

258 1704 319 1726 mo
344 1690 427 1724 loco
451 1682 630 1729 infigitur,
655 1691 730 1726 quo
754 1677 799 1713 fit
822 1687 866 1713 ut
889 1678 1059 1712 inferiori.
1091 1678 1268 1724 tenuique
1298 1678 1489 1723 ligamenti
1524 1679 1718 1723 capsularis
1756 1681 1851 1725 parti

257 1765 397 1791 novum
416 1750 532 1785 robur
555 1746 671 1781 addat.

359 1829 412 1852 ιι.
441 1813 582 1859 Bicipiti
607 1810 779 1856 analogus
813 1819 834 1841 a
866 1807 1023 1842 Cuviero
1054 1819 1127 1842 non
1160 1808 1347 1842 immerito
1377 1808 1657 1842 &emor-adimis
1688 1817 1849 1851 vocatur,

258 1884 366 1920 unico
386 1881 486 1915 enim
509 1885 639 1910 ventre
663 1875 803 1914 utitur,
828 1873 892 1918 qui
914 1873 1055 1907 mediae
1079 1873 1191 1907 sterni
1216 1873 1311 1917 parti
1336 1873 1519 1919 originem
1541 1873 1677 1907 debens
1706 1874 1850 1908 sulcum

261 1950 347 1986 ossis
373 1943 513 1980 brachii
537 1941 629 1987 legit
653 1939 739 1973 dein
764 1949 854 1971 vero
880 1938 990 1984 longo
1017 1946 1054 1971 et
1082 1937 1170 1970 forti
1196 1937 1344 1971 tendine
1368 1938 1512 1971 radium
1535 1938 1637 1983 petit.

361 2023 415 2046 12.
447 2009 600 2052 TricepS,
623 2005 680 2038 uti
709 2003 879 2038 Cuvierus
902 2000 1034 2042 refert,
1059 2001 1172 2035 instar
1193 2001 1345 2036 humani
1373 2002 1489 2036 tribus
1511 2002 1660 2048 insignis
1686 2010 1740 2037 est
1764 2014 1848 2036 ven-

258 2078 376 2115 tribus
400 2073 505 2107 valde
530 2069 699 2110 fortibus,
721 2067 910 2102 communi
932 2066 1081 2101 tendine
1107 2066 1215 2100 ulnae
1236 2065 1371 2100 infixis.

359 2152 412 2184 13.
435 2139 642 2172 Anconaeus
668 2141 829 2180 quartus,
860 2133 1013 2167 Cuviero
1038 2143 1113 2165 non
1138 2131 1245 2173 νίειιε,
1271 2139 1445 2166 cornutae
1476 2132 1627 2166 omnino
1658 2140 1694 2166 et
1729 2131 1846 2177 major
