2117 2590
487 255 740 301 SECTIO
771 255 1001 299 PRIMA
1034 253 1565 299 OSTEOLOGICA.

972 364 1000 402 §.
1033 375 1061 396 1.

921 433 1139 477 Caput.

320 506 435 549 Caput
451 514 523 536 non
540 502 661 536 solum
679 502 882 535 maximum
898 509 932 534 et
947 512 1021 534 ossa
1041 499 1117 543 ejus
1135 498 1267 540 valida,
1291 498 1352 532 sed
1373 499 1550 544 peculiari
1572 500 1681 535 etiam
1708 501 1819 535 modo

223 572 384 618 plurima
420 583 574 618 superne
601 582 724 616 aspera
750 579 844 603 sunt.
897 572 980 603 Ossa
1011 568 1314 602 intermaxillaria
1348 568 1531 614 undique,
1568 582 1644 603 ossa
1675 569 1819 616 jugalia,

224 653 262 675 os
280 641 532 687 tympanicum
553 649 588 674 et
611 640 802 685 occipitale
826 639 962 684 postice
985 639 1113 680 laevia,
1136 638 1276 682 reliqua
1301 649 1391 670 vero
1408 638 1520 671 cranii
1550 647 1585 671 et
1613 638 1715 672 faciei
1743 651 1819 672 ossa

223 711 405 756 superiori
429 711 557 755 pagina
581 710 724 754 punctis
744 709 923 742 immersis
949 707 1115 741 rotundis
1141 707 1273 752 passim
1307 706 1581 740 confluentibus
1615 708 1820 754 inaequalia

224 780 516 825 conspiciuntur3
539 778 707 811 inferiori
730 786 852 811 autem
876 775 1067 822 superficie
1100 784 1222 809 totum
1253 784 1361 820 caput
1392 787 1476 808 cum
1501 776 1714 810 mandibula
1748 777 1820 812 illis

224 857 330 883 caret.

320 921 469 952 Praeter
494 916 748 950 mandibulam
771 914 964 961 sympliysi
988 913 1189 957 sejunctam
1217 920 1253 945 et
1274 924 1349 946 ossa
1365 912 1668 947 intermaxillaria
1686 915 1821 959 pariter

223 987 351 1028 libera,
378 986 500 1019 omnia
526 986 667 1030 reliqua
695 993 767 1017 tam
791 985 901 1017 cranii
925 996 1034 1028 quam
1062 982 1167 1015 faciei
1193 992 1268 1014 ossa
1295 982 1440 1026 penitus
1468 982 1698 1024 coaluerunt,
1723 983 1822 1028 quod

223 1055 334 1089 valde
361 1054 561 1089 dolendum
587 1062 648 1095 est,
673 1065 758 1086 cum
784 1052 894 1096 hujus
919 1052 1051 1097 speciei
1078 1048 1295 1095 magnitudo
1316 1050 1546 1095 singulorum
1585 1053 1822 1097 comparatio-

222 1137 308 1158 nem
335 1125 418 1158 alias
445 1124 659 1157 facillimam
685 1121 911 1156 reddidisset.
963 1119 1174 1155 Generatim
1201 1126 1324 1151 autem
1361 1120 1481 1164 Spixii
1515 1120 1585 1154 viri
1619 1121 1684 1154 cel.
1715 1122 1748 1166 Ι)
1778 1121 1822 1155 de

224 1193 500 1239 amphibiorum
529 1192 659 1225 craniis
685 1203 761 1225 ossa
788 1191 846 1224 dia
870 1190 998 1225 solutis
1023 1189 1202 1223 sententia
1223 1187 1315 1221 circa
1351 1199 1519 1221 ranarum
1554 1189 1730 1223 familiam
1755 1191 1823 1224 sal-

223 1271 299 1296 tem
329 1259 580 1308 restringenda
615 1268 685 1302 est,
715 1272 798 1294 nam
831 1261 870 1293 in
904 1261 992 1305 Pipa
1024 1258 1176 1302 aliisque
1209 1265 1353 1301 praeter
1386 1257 1638 1291 mandibulam
1667 1267 1703 1293 et
1731 1259 1822 1293 inci-

223 1332 308 1372 siva,
330 1331 490 1376 plurima
517 1338 581 1363 aut
607 1330 727 1363 omnia
750 1329 895 1374 reliqua
925 1327 1052 1374 capitis
1080 1337 1155 1359 ossa
1180 1325 1254 1358 cito
1280 1325 1409 1358 coalita
1432 1325 1676 1361 observamus.

327 1400 374 1433 Os
407 1400 612 1433 auslicivum
644 1398 851 1444 (stapedem
880 1406 917 1432 et
942 1396 1120 1431 malleum
1143 1395 1256 1429 simul
1281 1393 1465 1434 referens)
1505 1395 1611 1430 valde
1637 1408 1823 1443 magnum,

225 1478 390 1503 ceterum
415 1477 539 1502 autem
566 1480 632 1513 pro
665 1480 768 1501 more
795 1475 1047 1512 comparatum
1069 1473 1131 1498 est.

323 1540 457 1572 Dentes
490 1537 669 1572 Maxillae
700 1536 897 1582 superioris
929 1535 1017 1568 huic
1048 1532 1181 1580 speciei
1217 1532 1317 1578 quod
1347 1532 1455 1567 sciam
1479 1533 1607 1567 unicae
1627 1534 1736 1576 nudi,
1761 1535 1822 1568 vel

225 1615 328 1641 extra
357 1607 542 1653 gingivam
562 1606 733 1652 porrecti,
758 1605 891 1650 magni,
916 1604 1072 1638 incurvi.
1125 1605 1281 1639 Palatini
1314 1615 1390 1636 non
1422 1602 1565 1635 adsunt.
1618 1603 1703 1636 Illas
1734 1615 1822 1637 vero

225 1677 317 1710 circa
340 1684 460 1722 partes
486 1676 524 1709 in
546 1674 822 1709 batrachiorum
847 1673 985 1707 familia
1011 1684 1141 1718 magna
1175 1673 1327 1706 varietas
1357 1671 1521 1716 obtinet3
1559 1671 1608 1705 sic
1636 1675 1822 1706 Ranarum

225 1757 401 1779 verarum
434 1745 514 1778 aliis
553 1744 762 1778 maxillares
793 1752 829 1776 et
861 1742 1024 1788 palatini,
1065 1742 1143 1775 aliis
1179 1740 1412 1775 solummodo
1451 1741 1675 1783 maxillares,
1714 1743 1824 1786 Pipae

226 1823 354 1848 autem
384 1815 510 1847 neutri
542 1813 815 1857 conceduntur-3
850 1811 1037 1847 Bufonum
1060 1811 1249 1856 plurimis,
1282 1810 1351 1855 ipsi
1375 1810 1484 1843 etiam
1512 1811 1653 1844 marino
1688 1811 1824 1856 (gigan-

226 1884 303 1928 teo)
337 1883 462 1918 dentes
484 1883 637 1924 desunt,
668 1882 801 1916 dantur
828 1890 949 1915 tamen
970 1881 1067 1914 inter
1092 1888 1268 1914 nostrates
1290 1879 1427 1914 Bufoni
1444 1879 1562 1925 igneo,
1576 1883 1699 1915 Ranae
1716 1883 1823 1914 Bom-

313 2072 346 2110 ι)
371 2070 639 2113 Cephalogenesis
662 2068 827 2099 Monachi.
851 2075 942 2107 1815.
964 2068 1020 2099 fol.
1044 2079 1128 2098 max.
1149 2080 1181 2111 p.
1204 2077 1254 2107 27.
1274 2071 1301 2108 §.
1326 2077 1375 2097 ιο.
