2117 2590
246 180 272 224 6

248 282 371 316 debita
396 281 543 314 solertia
570 279 766 313 examinati
789 289 884 321 sum,
910 287 946 313 et
967 279 1160 313 nominum
1185 280 1337 315 illorum
1357 282 1513 315 mutatio
1532 282 1727 316 arbitraria
1748 284 1848 317 mul-

248 352 293 385 tis
318 350 538 389 auctoribus,
557 349 771 394 praesertim
799 348 937 394 gallicis
962 349 1176 395 imputanda
1203 350 1255 383 rei
1282 349 1531 385 difficultatem
1558 361 1702 397 praeter
1728 365 1850 387 neces-

249 421 392 455 sitatem
418 418 531 451 auxit.

345 493 533 524 Ranarum
557 486 714 521 musculi
739 487 963 521 revisionem
981 488 1119 533 pariter
1146 488 1361 534 poscebant;
1388 497 1558 523 cutaneos
1576 490 1684 523 variis
1710 490 1746 523 in
1772 502 1850 535 spe-

247 560 371 594 ciebus
394 559 530 591 amicus
556 565 691 597 noster,
718 552 849 605 Stffen
883 556 1012 590 sedulo
1045 558 1269 591 examinavi-t
1299 560 1350 599 ¹),
1379 558 1459 603 >ipse
1490 558 1652 604 reliquos
1680 560 1719 592 in
1749 563 1849 594 Rana

247 638 371 664 nostra
396 628 556 660 maxima
577 637 789 671 comparare
816 625 973 668 tentavi,
998 625 1246 661 abdominales
1273 636 1393 661 tamen
1418 628 1604 673 variasque
1625 628 1752 673 capitis
1778 640 1850 662 car-

247 711 310 733 nes
347 696 556 744 speciminis
591 695 707 728 nostri
742 694 806 728 diu
839 696 877 728 in
911 695 1044 741 spiritu
1077 696 1154 729 vini
1189 697 1322 730 servati
1347 697 1440 730 ratio
1467 697 1616 731 intactas
1639 697 1849 743 relinquere

250 776 394 802 coactus
420 777 510 798 sum.

345 834 663 881 Quemadmodum
689 842 813 866 autem
835 845 910 867 ossa
935 834 1183 868 validissimae
1205 834 1314 878 hujus
1339 835 1474 869 bestiae
1496 835 1572 869 vim
1589 847 1662 869 non
1681 836 1851 880 exiguam

248 913 416 953 arguunt,
441 904 490 937 ita
512 903 621 936 etiam
647 902 804 936 musculi
830 903 1043 947 praesertim
1067 905 1309 937 extremitatis
1335 905 1526 937 anterioris
1554 905 1656 937 illam
1683 905 1850 949 probant.

249 980 330 1022 Quo
355 972 492 1007 accedit
518 973 556 1005 in
583 980 703 1005 tractu
730 971 892 1013 ejusdem
916 971 1114 1005 intestinali
1139 972 1303 1005 animalis
1327 972 1371 1005 ad
1397 973 1507 1018 glires
1531 973 1746 1018 pertinentis
1764 985 1851 1006 exu-

247 1046 322 1078 vias
350 1052 387 1076 et
411 1052 487 1075 ossa
511 1040 671 1085 plurima
699 1050 717 1072 a
743 1039 851 1072 nobis
875 1047 1020 1084 reperta
1044 1052 1136 1081 esse,
1160 1048 1197 1073 et
1224 1049 1331 1085 caput
1350 1040 1522 1075 dentibus
1548 1040 1706 1074 fortibus
1732 1041 1851 1086 iisque

248 1122 372 1148 contra
398 1122 567 1144 ranarum
595 1120 738 1142 morem
761 1108 888 1142 liberis
914 1109 1055 1150 armari,
1080 1117 1122 1142 ut
1146 1110 1182 1142 vi
1205 1121 1326 1154 neque
1363 1109 1557 1144 velocitate
1590 1110 1851 1152 <extremitati-

247 1185 315 1218 bus
341 1178 607 1228 posterioribus
632 1177 731 1212 haud
757 1177 951 1224 elongatis)
980 1177 1152 1223 praedam
1177 1178 1295 1212 facere
1321 1178 1502 1212 videatur.

1011 1270 1038 1306 ὗ.
1065 1275 1096 1306 8.

748 1337 1046 1369 Musculi
1093 1337 1359 1382 capitis.

348 1411 415 1443 Me
433 1406 481 1440 ob
509 1404 718 1450 speciminis
744 1406 860 1439 nostri
885 1405 1068 1439 rationem
1094 1417 1220 1440 omnes
1246 1406 1372 1450 capitis
1392 1406 1576 1439 musculos
1603 1406 1729 1439 sistere
1751 1405 1851 1439 haud

249 1479 410 1526 potuisse
436 1476 472 1509 in
499 1476 530 1513 §.
554 1473 794 1519 praecedente
820 1475 964 1515 notavi,
997 1486 1043 1507 ne
1072 1475 1202 1508 omissa
1229 1475 1390 1508 incuriae
1416 1483 1559 1508 nostrae
1584 1475 1825 1519 imputentur.

355 1545 457 1579 Oculi
482 1551 592 1578 rectos
616 1551 785 1588 quatuor,
812 1554 972 1588 quorum
998 1542 1076 1576 bini
1103 1551 1139 1576 et
1160 1543 1308 1577 latiores
1341 1552 1378 1576 et
1412 1543 1597 1589 longiores
1626 1552 1731 1585 sunt;
1767 1543 1851 1578 obli-

251 1628 362 1662 quum
388 1621 530 1647 tantum
554 1613 706 1644 unicum
732 1611 826 1652 vidi,
851 1611 1019 1645 inferiori
1043 1612 1202 1645 hominis
1225 1612 1430 1657 analogum.
1482 1611 1594 1646 Adest
1625 1624 1773 1657 quoque
1806 1614 1851 1647 le-

248 1693 355 1719 vabor
387 1680 580 1727 palpebrae
620 1680 814 1725 superioris
848 1680 887 1713 in
918 1691 1032 1713 cornu
1062 1680 1221 1725 speciem
1255 1681 1482 1714 acuminatae
1516 1680 1680 1726 adeoque
1713 1681 1849 1716 bestiae

249 1765 385 1788 nomen
410 1749 665 1796 impertientis.

348 1819 655 1854 Jlffanducancium
679 1817 933 1851 musculorum
957 1830 1155 1852 numerum
1180 1817 1218 1852 in
1252 1819 1460 1865 Amphibiis
1493 1819 1651 1865 oviparis
1676 1827 1712 1852 et
1737 1831 1849 1854 mam-

249 1890 409 1926 malibus
434 1886 593 1922 eundem
618 1898 692 1920 esse
723 1887 891 1921 Czwierus
917 1887 1046 1929 refert,
1070 1896 1107 1921 et
1132 1888 1170 1920 in
1196 1891 1297 1922 Rana
1324 1888 1545 1934 temporaria
1577 1897 1722 1933 praeter
1758 1897 1848 1923 tem-

249 1960 415 2007 poralem
438 1966 475 1991 et
499 1964 732 1989 masseterem
757 1957 1081 2002 pterygoideoram
1105 1957 1275 2003 analogos
1300 1958 1430 2003 utique
1455 1957 1676 2003 reperimus,
1708 1958 1776 1991 hos
1809 1958 1847 1991 in

337 2101 368 2140 1)
396 2102 448 2129 De
477 2101 559 2129 ranis
590 2098 751 2128 nonnullis
778 2098 1026 2129 Observationes
1056 2101 1261 2131 anatomieae.
1311 2100 1414 2130 Praes.
1447 2099 1478 2129 C.
1502 2098 1541 2128 A.
1577 2099 1742 2139 leolphi,
1763 2107 1843 2130 auct.

454 2161 533 2191 Guil.
554 2164 633 2203 Aug.
657 2160 780 2206 Stesffen.
823 2161 927 2191 Berol.
952 2169 1042 2200 1815.
1062 2168 1094 2199 4.
