2117 2590
260 203 311 233 12

257 302 302 324 na
327 290 412 324 ossis
440 289 546 322 ilium
569 285 762 333 superficie
789 294 892 321 natus
913 285 1000 319 forti
1026 284 1173 318 tendine
1195 286 1355 331 posticae
1381 286 1469 320 colli
1501 286 1651 321 femoris
1676 288 1774 332 parti
1795 287 1846 321 af-

259 354 397 401 figitur.
448 357 580 388 Femur
607 352 772 385 extendit
799 359 833 384 et
862 359 1060 383 retrorsum
1090 351 1209 385 vertit.

360 423 390 453 6.
420 431 450 460 7.
484 418 624 451 Gemini
648 416 818 449 humanis
850 427 1017 460 magnam
1038 424 1179 461 partem
1205 415 1347 460 analogi
1369 423 1465 457 sunt,
1482 427 1640 460 quorum
1658 415 1750 449 alter
1775 416 1854 450 lon·

261 485 341 530 gior
367 496 384 516 a
413 483 539 516 tubere
571 481 759 515 izchiatico
785 481 877 513 alter
903 488 1025 513 autem
1053 493 1070 513 a
1096 481 1195 526 spina
1223 480 1425 524 posteriore
1444 480 1531 512 ossis
1550 480 1657 512 ilium
1672 481 1855 526 provenit,

262 558 419 594 uterque
447 545 592 580 tandem
618 545 814 589 conjuncto
843 545 991 579 tendine
1015 546 1124 579 lateri
1157 545 1297 590 postico
1331 544 1550 578 eminentiae
1585 545 1854 579 trachanterem

262 613 436 647 referenti
462 610 649 645 inseritur.
929 650 931 656 Α

362 690 393 719 9.
426 675 623 709 Obstat-ator
648 675 810 708 humano
843 673 961 719 quoad
987 674 1098 707 situm
1120 675 1205 708 satis
1231 673 1402 718 analogus
1427 685 1444 706 a
1470 682 1549 707 toto
1578 675 1742 720 margine
1770 675 1855 708 ossis

261 742 367 776 ischii
395 740 564 786 provenit
590 747 632 772 ut
656 739 784 772 circuli
810 738 885 772 fere
907 739 992 772 duas
1025 740 1147 773 tertias
1173 746 1291 784 partes
1324 737 1475 779 referat,
1506 740 1641 784 partini
1674 739 1856 772 membra-

261 819 328 841 nae
351 805 497 839 articuli
523 804 712 849 capsulari,
734 804 869 848 partim
895 804 965 849 ipsi
990 804 1137 837 femoris
1163 803 1287 848 capitis
1312 802 1499 836 inseritur.
1549 803 1595 837 Vi
1630 811 1727 837 certe
1748 803 1857 848 insig-

261 872 300 906 ni
322 869 503 916 capsulam
529 868 647 901 tendit
672 875 708 900 et
727 866 850 900 firmat
872 877 908 901 et
931 877 1040 913 caput
1067 869 1154 902 ossis
1182 867 1327 901 femoris
1353 867 1461 900 simul
1488 865 1663 901 suffulcit.

365 946 419 968 ιο.
461 936 587 967 Rectus
613 930 766 979 femoris
802 932 923 978 biceps
952 942 1014 966 est.
1066 937 1205 967 Venter
1239 931 1401 964 humano
1430 931 1602 976 analogus
1630 942 1782 976 magnus
1821 940 1857 964 et

263 999 405 1034 validus
424 998 510 1031 forti
531 996 678 1030 tendine
695 1008 713 1029 a
729 997 938 1029 membrana
954 998 1130 1041 capsulari
1147 1005 1181 1029 et
1206 996 1388 1028 minorem
1412 1003 1553 1039 partem
1568 995 1613 1029 ab
1632 1007 1708 1029 osse
1733 995 1857 1041 pubis;

363 1064 467 1098 Alter
490 1070 612 1095 autem
637 1072 743 1094 ranae
767 1060 936 1106 proprius
962 1072 981 1093 a
1006 1061 1108 1105 spina
1131 1060 1214 1094 ossis
1240 1059 1361 1092 illium
1384 1058 1520 1103 postica
1547 1059 1737 1105 provenit3
1760 1068 1858 1093 uter-

264 1142 335 1176 que
361 1127 510 1162 tendine
534 1126 721 1159 communi
747 1134 782 1159 et
806 1125 958 1159 robusto
982 1128 1105 1171 spinae
1132 1125 1281 1159 femoris
1306 1126 1510 1159 secundarii
1542 1125 1623 1169 (seu
1649 1125 1718 1158 ossi
1745 1135 1859 1158 acces-

265 1194 362 1228 sorio
387 1193 417 1225 si
441 1192 513 1225 hoc
537 1191 686 1224 nomine
707 1191 763 1224 uti
786 1189 920 1234 mavis)
947 1197 984 1223 et
1005 1190 1239 1224 membranae
1265 1191 1443 1237 capsulari
1467 1190 1650 1224 inseritur.

369 1257 477 1292 Vasti
501 1264 533 1289 et
555 1256 702 1288 craculis
728 1255 869 1288 desunt.

368 1334 421 1355 11.
450 1321 635 1354 Sartorius
659 1320 862 1352 humanum
887 1318 970 1352 satis
996 1318 1120 1359 refert,
1145 1319 1267 1352 minus
1289 1319 1441 1365 oblique
1462 1328 1588 1357 ‚tamen
1612 1317 1785 1351 decurrit.

366 1398 420 1419 ιε.
449 1396 502 1428 ¹3·
527 1385 685 1418 Graciles
710 1383 789 1417 bini
814 1391 898 1417 sunt
918 1383 957 1416 in
978 1391 1137 1428 utroque
1162 1383 1302 1417 femore
1326 1392 1490 1417 ceterum
1522 1391 1645 1417 autem
1674 1394 1758 1416 cum
1783 1382 1856 1415 hu—

264 1463 371 1487 mano
396 1449 590 1492 (solitario)
616 1449 851 1482 conveniunt.

367 1526 420 1558 14.
445 1514 590 1559 Biclpici
613 1514 783 1559 analogus
809 1513 919 1546 unico
941 1520 1085 1546 tantum
1105 1520 1235 1546 ventre
1259 1513 1380 1546 utitur
1406 1520 1443 1546 et
1467 1512 1512 1545 ab
1540 1511 1624 1546 ossis
1652 1511 1709 1545 ilii
1740 1510 1858 1544 tuber-

268 1581 351 1616 culo
377 1580 546 1613 nascitur.

369 1655 421 1686 15.
448 1642 748 1677 Semicendinosus
771 1653 859 1675 vero
886 1641 1008 1686 biceps
1033 1650 1097 1683 est,
1123 1650 1232 1686 caput
1254 1641 1412 1674 alterum
1438 1648 1549 1674 tenue
1570 1647 1606 1673 et
1622 1638 1857 1672 tendinosum

268 1711 313 1745 ab
340 1721 416 1744 osse
442 1707 559 1750 ischii,
593 1707 751 1739 alterum
785 1714 907 1740 autem
932 1705 976 1739 ab
1003 1705 1133 1739 eodem
1158 1705 1220 1739 sed
1242 1705 1414 1738 inferiore
1439 1705 1523 1738 loco
1557 1703 1652 1737 forte
1675 1711 1712 1736 et
1733 1715 1857 1736 carne-

268 1788 334 1809 um
358 1773 548 1814 enascitur,
571 1780 772 1816 utrumque
797 1783 910 1816 prope
934 1771 1131 1804 articulum
1155 1769 1303 1803 femoris
1322 1769 1488 1815 primarii
1514 1777 1550 1802 et
1570 1768 1654 1802 ossis
1671 1767 1858 1802 accessorii

271 1838 509 1884 conjungitur
530 1836 678 1869 tendine
704 1836 792 1869 huic
817 1834 1020 1869 inserendo.

369 1907 424 1936 16.
452 1899 813 1936 Semimembranosus
838 1900 1001 1934 humano
1035 1899 1244 1934 simillimus
1272 1899 1448 1933 bestiolae
1477 1906 1598 1932 tamen
1629 1897 1770 1930 ratione
1801 1896 1858 1930 ha-

271 1970 348 2004 bita
370 1967 476 2001 valde
499 1966 601 1999 Fortis
629 1973 691 1998 est.

373 2046 426 2076 17.
460 2030 748 2065 Gastrocnemius
777 2031 810 2068 ¹)
836 2030 944 2063 unico
973 2029 1090 2075 capite
1118 2040 1137 2063 a
1163 2029 1328 2073 condylis
1354 2027 1503 2061 femoris
1538 2026 1704 2071 primarii
1738 2027 1858 2060 oritur

359 2134 391 2171 1)
415 2131 686 2173 Quemadmodum
710 2131 955 2171 gastrociiemius
978 2140 1042 2159 non
1068 2128 1167 2157 solum
1198 2128 1355 2157 musculos
1383 2138 1471 2156 surae
1500 2127 1654 2155 humanae
1683 2126 1738 2154 scd
1765 2127 1857 2155 etiam

422 2190 595 2232 plantarem
617 2190 715 2225 sistit7
734 2189 777 2218 ita
801 2189 893 2218 etiam
916 2189 968 2217 via
985 2187 1069 2216 illius
1092 2186 1274 2226 longissima
1294 2193 1326 2216 et
1346 2197 1379 2216 os
1402 2185 1538 2228 patellae
1562 2183 1661 2213 simile
1684 2184 1784 2212 eidem
1805 2183 1856 2212 ad-
