2117 2590
347 272 379 302 6.
407 270 720 313 SacrococcygeztS,
755 266 906 300 Crevier-0
930 277 1004 299 non
1029 265 1137 307 visus,
1166 265 1279 300 forma
1307 268 1558 315 triangularis,
1593 270 1668 304 lato
1700 271 1849 306 tendine

248 349 266 371 a
294 338 458 384 margine
485 336 571 370 ossis
594 334 683 368 sacri
708 335 912 379 posteriore
932 335 1082 368 initium
1107 336 1249 381 capiens
1275 337 1360 370 ossis
1384 339 1551 384 coccygis
1579 348 1698 373 totum
1718 342 1851 386 margi-

248 418 334 440 nem
359 406 549 440 lateralem
574 404 679 450 petit,
702 412 743 438 ut
767 403 951 449 reliquam
975 412 1119 449 partem
1145 405 1242 439 inter
1265 417 1340 440 ossa
1370 407 1479 441 ilium
1513 416 1549 441 et
1583 410 1748 456 coccygis
1780 408 1849 444 sibi

250 474 423 509 vindicet.

349 558 380 587 7.
408 542 713 591 Isclziococcygeus
744 543 894 576 Cuviero
918 542 1053 588 pariter
1085 543 1329 588 praetervisus
1357 544 1401 577 ab
1430 544 1531 590 apice
1563 546 1650 580 ossis
1683 548 1851 594 coceygis

250 622 400 648 exortus
426 614 556 647 cristae
580 612 664 646 ossis
691 610 849 645 ischium
875 611 1063 645 inseritur.

351 692 384 723 8.
412 682 623 732 Quadratus
644 679 859 720 lumborzmz,
891 681 1042 715 Cuviero
1068 680 1239 714 similiter
1265 693 1338 714 non
1353 682 1496 723 relatus,
1512 683 1643 730 longus
1664 693 1700 719 et
1719 686 1850 727 tenuis,

251 765 376 788 versus
399 751 581 784 anteriora
604 757 726 782 autem
754 749 863 782 latior
889 757 952 783 est.
1005 752 1035 783 A
1061 761 1232 795 processu
1259 750 1450 784 vertebrae
1480 753 1608 786 tertiae
1644 762 1850 788 transverso

252 823 435 868 originem
459 829 618 859 sumens,
644 829 830 862 processus
856 818 1047 852 vertebrae
1074 827 1223 882 quartae
1249 820 1398 864 quintae
1423 827 1458 853 et
1486 829 1608 854 sextae
1630 831 1850 856 transversos

251 892 356 938 petit,
379 889 488 923 illum
513 895 636 922 autem
662 886 836 931 septimae
862 887 1131 932 transgrediens
1158 887 1305 921 tandem
1328 887 1476 922 tendine
1510 888 1598 922 forti
1630 899 1665 924 et
1687 892 1852 925 teretius·

253 960 339 995 culo
364 956 538 992 anteriori
561 955 646 990 ossis
667 955 775 989 ilium
800 955 895 1000 parti
921 955 1071 1001 ejusque
1093 956 1286 1001 symphysi
1313 956 1439 989 saorah·
1466 956 1652 992 inseritur.

984 1046 1012 1083 ἕ.
1041 1056 1094 1078 10.

727 1113 887 1147 Musculi
916 1114 1168 1147 Extremitatis
1194 1114 1395 1148 anterioris.

357 1198 385 1219 ι.
412 1187 576 1218 Ser-ratus
603 1183 755 1228 trapezii
779 1182 890 1216 simul
916 1190 1057 1228 partem
1082 1182 1241 1216 referens
1276 1194 1295 1216 a
1332 1183 1484 1217 Cuviero
1516 1182 1612 1218 bene
1645 1184 1850 1231 discriptus,

254 1266 327 1290 tres
347 1254 532 1301 portiones
555 1252 665 1293 sistit,
693 1262 850 1296 quarum
876 1251 993 1302 prima
1015 1263 1035 1284 a
1059 1251 1135 1285 basi
1159 1251 1302 1296 capitis,
1337 1263 1355 1284 a
1380 1263 1553 1297 processu
1582 1253 1770 1288 vertebrae
1794 1267 1851 1289 se-

251 1323 392 1359 cundae
415 1331 616 1356 transverso
641 1319 809 1361 secunda,
837 1319 943 1352 tertia
968 1330 1056 1352 vero
1078 1330 1096 1352 a
1120 1319 1248 1353 tertiae
1273 1329 1478 1354 transverso
1498 1321 1719 1355 exoriuntur
1742 1331 1778 1356 et
1803 1325 1852 1357 in·

256 1393 383 1428 feriori
408 1390 574 1435 scapulae
599 1386 808 1434 superficiei
835 1388 1061 1421 inseruntur.

356 1473 387 1494 9..
415 1458 712 1504 Inter-scapularis
738 1468 756 1489 a
788 1457 940 1490 Cuvz'ero
965 1457 1102 1490 relatus
1122 1456 1183 1491 sed
1199 1456 1351 1502 proprio
1369 1458 1519 1491 nomine
1545 1470 1619 1492 non
1630 1458 1852 1505 designatus,

255 1543 274 1565 a
299 1529 444 1575 scapula
470 1526 665 1562 accessoria
691 1525 735 1559 ad
761 1524 971 1571 primariam
998 1524 1117 1559 tendit
1142 1533 1178 1558 et
1210 1533 1405 1570 utramque
1442 1525 1584 1571 colligit
1620 1536 1657 1561 et
1694 1528 1852 1564 invicem

256 1599 413 1634 adducit.

356 1679 386 1709 5.
414 1669 571 1699 Levator
592 1663 757 1708 scapulae
784 1673 804 1694 a
826 1661 903 1696 basi
927 1661 1014 1695 ossis
1037 1662 1201 1707 occipitis
1224 1661 1395 1707 provenit
1427 1669 1464 1695 et
1493 1662 1586 1707 apici
1617 1664 1851 1712 cartilagineo

256 1736 422 1782 scapulae
445 1732 671 1767 immittitur.

356 1813 388 1847 4.
416 1800 674 1835 Rhomboideus
699 1811 718 1833 a
739 1799 993 1833 vertebrarum
1017 1798 1246 1844 processibus
1267 1801 1477 1836 transversis
1503 1800 1680 1835 oriundus
1704 1811 1740 1836 et
1761 1814 1852 1837 mar-

259 1874 335 1922 gini
361 1871 526 1917 scapulae
549 1869 690 1915 postico
715 1868 873 1902 insertus
900 1868 964 1901 vix
987 1867 1163 1914 distingui
1188 1869 1320 1914 potuit.

357 1952 388 1983 5.
417 1938 628 1973 Latissimus
651 1937 748 1970 dorsi
772 1935 873 1980 cujus
896 1935 1035 1970 imfima
1059 1937 1210 1971 insertio
1237 1939 1355 1972 tenuis
1380 1939 1532 1972 obscura
1559 1946 1645 1980 erat,
1661 1938 1746 1973 fort-i
1773 1949 1851 1974 ten-

260 2012 345 2047 dine
369 2007 525 2054 margini
550 2007 696 2040 interno
718 2016 879 2039 summae
905 2005 1048 2039 brachii
1070 2005 1201 2040 tertiae
1226 2008 1321 2052 parti
1347 2006 1585 2041 inserebatur.

357 2076 571 2118 (Masculus
597 2078 784 2110 Ranarmn
816 2085 927 2119 quem
961 2075 1133 2110 Cavierus
1165 2074 1464 2111 coracobrachiali
1488 2076 1694 2125 analogum
1723 2078 1852 2112 statuit

260 2151 299 2185 in
323 2151 482 2183 Cornuta
507 2144 657 2179 omnino
683 2142 810 2182 deest.)

1718 2217 1750 2248 6.
1781 2216 1851 2249 Pe-
