2117 2590
1869 172 1892 183 η

1844 186 1895 214 10

294 278 416 323 primo
442 284 610 310 ventrem
632 273 870 308 fortissimum
896 271 980 306 dein
1007 280 1131 305 autem
1162 283 1286 305 versus
1322 282 1404 305 crus
1438 270 1639 305 temdinem
1673 271 1767 304 sistit
1806 270 1894 303 vali·

295 342 383 376 dum
411 342 448 374 in
475 340 631 374 articulo
657 339 744 372 ossis
768 337 954 372 accessorii
982 348 1066 370 cum
1090 337 1180 370 tibia
1206 344 1242 370 et
1263 334 1381 369 fibula
1407 347 1444 370 os
1470 335 1751 377 sesnmoideum,
1774 335 1895 380 patel—

295 408 352 440 lae
380 406 479 451 quasi
505 405 710 450 analogum,
738 402 944 437 orbiculare
966 401 1215 446 recipientem,
1241 400 1388 434 tandem
1411 400 1608 434 abeuntem
1628 401 1667 434 in
1691 411 1897 446 aponeuro-

294 472 350 505 sin
376 471 591 516 plantarem.
644 468 746 503 Conf.
774 481 810 501 n.
840 479 892 509 ες).
920 478 976 510 30.

400 543 452 574 13.
483 535 676 580 Popliteus.
728 534 793 566 Uti
819 543 913 566 nova
940 531 1025 565 ossis
1052 531 1255 565 accessione
1279 530 1414 577 patella
1430 533 1565 576 postica
1590 530 1692 571 facta,
1709 529 1759 562 ita
1786 528 1895 562 etiam

296 600 480 646 popliteus
515 599 654 632 anticus
688 597 851 631 redditus
884 605 952 638 est,
983 596 1195 629 musculum
1234 595 1449 640 ceteroquin
1484 595 1579 627 sistit
1622 594 1798 639 exiguum
1831 593 1895 638 qui

298 665 491 698 tendineus
515 675 534 696 a
561 663 772 708 cartilagine
800 660 1017 695 intermedia
1050 672 1149 707 genu
1180 660 1347 706 primarii
1378 667 1480 693 ortus
1511 667 1640 693 ventre
1672 670 1737 692 suo
1771 666 1896 691 autem

294 729 450 775 margini
477 729 595 761 antico
618 729 705 761 ossis
731 726 919 761 accessorii
945 726 1130 759 inseritur.

399 805 451 834 19.
485 792 633 826 Tibialis
659 792 798 826 anticus
828 791 967 837 pariter
999 789 1206 831 deflectens,
1235 798 1299 823 aut
1326 800 1444 822 novus
1474 788 1551 822 fere
1589 787 1895 822 semitendinosus

294 858 449 892 inferior
475 856 663 898 dicendus,
685 855 835 890 tendine
861 855 965 889 tenui
990 863 1026 888 et
1048 862 1165 888 terete
1191 865 1208 887 a
1236 852 1397 896 condylo
1422 853 1509 886 ossis
1535 851 1684 886 femoris
1717 851 1895 885 oriundus

294 931 463 956 ventrem
483 919 621 966 effingit
644 919 818 960 validum,
848 920 912 964 qui
935 918 1126 952 tendineus
1153 917 1266 951 tibiae
1289 916 1475 951 inseritur.

395 998 450 1020 ρο.
481 987 658 1019 Peroneus
681 993 743 1017 aut
769 983 958 1016 musculus
985 994 1102 1015 novus
1129 982 1193 1026 qui
1219 994 1303 1014 cum
1328 983 1544 1026 insequente
1570 982 1673 1026 quasi
1699 980 1893 1025 bicipitem

296 1051 510 1086 inferiorem
533 1049 638 1089 sistit,
662 1059 681 1082 a
707 1047 866 1091 condy-lo
890 1045 1040 1080 femoris
1061 1054 1187 1079 enatus
1211 1045 1443 1080 antecedenti
1468 1045 1625 1080 formam
1650 1054 1687 1080 et
1713 1045 1898 1090 magnitu-

295 1117 420 1151 dinem
450 1113 661 1148 simillimus
691 1111 830 1146 fibulae
861 1108 1040 1156 infigitur.

394 1191 449 1213 21.
482 1180 657 1212 Per-omens
684 1174 846 1224 inferior,
871 1176 1039 1221 priorum
1064 1174 1176 1208 modo
1203 1187 1321 1209 novus
1355 1175 1563 1218 habendus,
1593 1188 1613 1209 a
1645 1183 1749 1221 parte
1775 1174 1896 1208 antica

296 1245 382 1280 ossis
407 1242 593 1278 accessorii
618 1242 777 1275 nascitur
803 1249 839 1274 et
861 1240 1053 1274 tendineus
1074 1238 1214 1273 fibulae
1240 1238 1406 1286 affigitur.

397 1320 451 1342 22.
486 1306 632 1341 Tibialis
659 1307 830 1353 posticas,
855 1303 1126 1349 comparatione
1152 1311 1273 1337 tamen
1299 1303 1528 1337 claudicante
1550 1311 1711 1345 vocatus,
1733 1315 1753 1337 a
1778 1303 1892 1336 latere

295 1373 437 1420 postico
466 1372 551 1406 ossis
592 1370 780 1405 accessorii
812 1369 1003 1415 provenit,
1034 1367 1137 1412 cujus
1171 1368 1317 1402 sulcum
1347 1368 1565 1402 inferiorem
1603 1366 1754 1401 tendine
1787 1368 1892 1401 tenui

297 1437 514 1472 transcurrit
543 1444 579 1469 et
604 1435 744 1470 ossibus
770 1434 856 1467 tarsi
882 1434 1068 1468 inseritur.

396 1514 425 1535 ε.
458 1501 677 1546 Θαρςαῖῑινίς,
702 1511 767 1532 seu
791 1506 915 1531 teneor
936 1498 1100 1542 capsulae
1126 1508 1223 1542 genu
1247 1496 1443 1539 inferioris,
1470 1496 1514 1530 ab
1540 1496 1608 1531 hac
1641 1503 1766 1531 enatus
1800 1495 1898 1530 inFe-

293 1567 384 1601 riori
408 1566 504 1612 parti
527 1565 639 1598 tibiae
661 1571 697 1597 et
720 1561 859 1596 fibulae
885 1560 1063 1607 infigitur.

396 1640 453 1673 24.
477 1629 662 1664 Adductor
688 1628 779 1661 tarsi
803 1640 852 1661 an
874 1625 1008 1660 tibialis
1033 1628 1159 1661 verus?

443 1805 544 1833 ditum
574 1804 752 1832 attentione
782 1802 876 1843 digna
904 1808 986 1830 sunt.
1032 1803 1092 1831 His
1119 1803 1215 1831 etiam
1242 1801 1395 1842 probatur
1422 1801 1508 1842 quod
1545 1812 1614 1830 ossa
1642 1801 1716 1830 tarsi
1747 1799 1888 1831 Cuviero

445 1862 529 1891 dicta
553 1873 622 1890 crus
645 1862 774 1894 sistant,
795 1870 977 1900 novumque
1007 1871 1042 1890 os
1071 1861 1155 1889 inter
1182 1860 1284 1888 femur
1315 1866 1346 1888 et
1377 1871 1446 1889 crus
1468 1860 1693 1900 interpositum
1731 1870 1798 1888 esse
1826 1868 1888 1899 quo

444 1919 563 1962 patella
585 1920 709 1961 postica
731 1919 814 1947 facta
835 1919 893 1951 sit;
920 1918 974 1947 sed
996 1918 1134 1959 probant
1154 1918 1247 1947 etiam
1271 1917 1405 1946 musculi
1432 1919 1651 1958 insequente5‚
1681 1928 1814 1957 quorum
1836 1927 1889 1946 va-

443 1979 483 2007 rii
507 1978 566 2007 alia
595 1977 689 2006 modo
714 1976 866 2018 explicari
893 1983 1063 2017 nequeunt.
1109 1975 1205 2005 Novo
1234 1986 1304 2005 osse
1327 1975 1677 2013 aute1n(Salamandris
1705 1981 1736 2003 et
1763 1974 1888 2004 lacertis

445 2037 577 2076 negato)
597 2036 629 2063 in
652 2035 735 2063 ranis
756 2041 893 2063 assumto
916 2033 1026 2063 harum
1048 2033 1182 2063 musculi
1205 2035 1282 2063 novi
1305 2045 1430 2075 quoque
1448 2033 1676 2074 intelliguntur.
1721 2033 1810 2061 Dum
1832 2044 1885 2065 vea-

446 2104 481 2122 10
511 2104 580 2122 ossa
602 2092 691 2122 aliter
713 2092 909 2121 nominamus
930 2103 965 2121 ac
991 2092 1132 2122 Cuvz'ero
1161 2092 1292 2134 placuit,
1315 2092 1471 2122 musculos
1494 2090 1633 2133 singulos
1662 2090 1730 2124 viro
1755 2090 1812 2120 cel.
1843 2089 1887 2120 di-

443 2158 511 2181 ctos
542 2161 721 2192 comparare
744 2151 846 2193 *nimis
868 2150 997 2191 longum
1016 2151 1109 2180 foret.
