2117 2590
223 207 274 250 14

319 294 514 330 Masculus
539 300 593 327 est
618 292 760 327 validus
785 292 849 338 qui
875 304 894 326 a
920 291 1010 327 tibia
1033 292 1185 328 obortus
1211 294 1321 338 hujus
1346 308 1411 342 per
1436 297 1578 331 sulcum
1611 304 1819 331 antrorsum

226 361 385 395 vertitur
411 367 447 393 et
468 358 626 392 ossiculo
652 358 737 392 tarsi
763 358 908 391 interno
935 370 1002 392 nec
1026 370 1101 393 non
1127 360 1351 394 sesamoideo
1376 362 1559 395 inseritur.

323 434 379 466 25⁴
409 426 587 458 Emensor
610 423 710 468 pedis
733 435 850 464 novur,
876 425 940 457 se'u
966 435 1073 458 ranae
1096 426 1278 471 propriae.
1330 427 1444 461 Fortis
1471 435 1523 461 est
1547 425 1747 466 musculus,
1773 424 1822 458 la-

228 500 266 524 to
288 489 438 524 tendine
465 487 564 533 (cum
588 486 728 522 flexore
753 488 941 522 communi
965 488 1170 535 digitorum
1196 491 1353 534 interno)
1387 491 1431 525 ab
1463 491 1638 526 inferiore
1671 490 1822 535 postica·

227 567 298 601 que
324 554 415 588 facie
442 553 527 587 ossis
556 551 743 587 accessorii
778 553 996 599 proveniens
1026 555 1121 599 parti
1159 554 1329 589 inferiori
1360 556 1471 590 tibiae
1503 565 1539 591 et
1570 557 1680 601 hujus
1710 570 1824 592 mem-

226 620 361 654 branae
387 618 583 664 capsularis
610 618 774 652 insertus.

335 689 390 719 26.
418 682 601 718 Abductor
623 683 733 730 digiti
756 682 898 716 minimi
923 694 986 716 seu
1008 695 1188 728 peroneus
1211 696 1334 726 verus,
1360 697 1378 718 a
1406 686 1568 732 margine
1600 696 1752 722 externo
1783 686 1826 722 fi-

230 750 340 784 bulae
364 757 469 782 natus
496 745 704 792 superficiei
730 748 814 780 ossis
841 749 1023 782 metatam-si
1048 748 1156 794 digiti
1181 749 1325 782 minimi
1353 761 1522 784 externae
1547 751 1726 798 infigitur.

328 826 382 856 27.
413 815 591 847 Extensor
617 813 814 846 communis
835 813 1038 860 digitorum
1068 825 1086 846 a
1112 812 1228 848 fibula
1255 823 1404 848 exortus
1431 815 1597 850 tendines
1624 828 1708 850 suos
1735 816 1825 863 digi-

225 881 271 914 tis
297 878 401 925 pedis
426 876 597 918 secundo,
619 876 742 916 tertio,
768 885 898 921 quarto
922 886 958 911 et
980 878 1109 923 quinto
1135 879 1300 925 largitur.

325 951 380 983 23.
410 945 587 976 Extensor
612 942 784 986 proprius
807 940 956 975 hallucis
982 955 1066 976 cum
1093 944 1216 988 priore
1238 945 1396 978 nascitur
1429 953 1465 978 et
1497 946 1616 991 primo
1646 945 1748 991 pedis
1775 945 1827 980 di·

226 1010 303 1056 gito
329 1007 514 1042 inseritur.

325 1084 380 1114 29.
408 1083 462 1114 50.
493 1071 656 1104 Flex-ores
682 1069 883 1117 cligicormn
908 1081 1109 1104 communes
1135 1071 1209 1105 duo
1232 1070 1375 1114 dantur,
1402 1084 1560 1118 quorum
1578 1074 1671 1107 alter
1695 1074 1828 1108 fortior

230 1139 274 1173 ab
301 1137 475 1172 inferiore
502 1144 604 1181 parte
639 1132 849 1179 superficiei
876 1144 1048 1168 externae
1081 1148 1236 1181 perones
1268 1136 1445 1172 oriundus
1479 1138 1595 1184 digito
1628 1148 1758 1185 quarto
1791 1148 1828 1174 et

229 1204 360 1249 quinto
388 1201 579 1247 prospicit3
603 1200 696 1233 alter
718 1207 842 1232 autem
868 1211 887 1232 a
911 1199 1001 1233 tibia
1025 1200 1177 1234 obortus
1201 1201 1347 1236 interno
1373 1202 1478 1236 lateri
1507 1203 1663 1237 tendinis
1694 1213 1828 1250 gastro-

230 1266 365 1302 cnemii
390 1263 558 1312 affigitur,
579 1272 621 1297 ut
646 1263 756 1307 hujus
781 1264 858 1297 vim
882 1265 1075 1310 insigniter
1100 1275 1246 1311 augeat,
1282 1265 1365 1299 dein
1398 1279 1485 1300 vero
1517 1267 1649 1313 digitos
1671 1274 1741 1303 tres
1774 1269 1828 1302 in-

229 1333 383 1367 teriores
408 1330 512 1375 petit.
562 1332 643 1375 Quo
669 1326 714 1362 fit
739 1336 782 1361 ut
802 1328 913 1362 simul
939 1328 1118 1362 ssexorem
1144 1329 1294 1363 brevem
1329 1342 1396 1364 nec
1428 1343 1502 1364 non
1535 1333 1717 1366 musculos
1752 1342 1826 1367 tam

229 1396 330 1432 carni
358 1394 551 1441 quadratae
578 1405 687 1439 quam
711 1393 864 1438 palmari
890 1393 995 1426 brevi
1021 1393 1182 1428 hominis
1208 1395 1377 1440 analogos
1402 1395 1545 1429 referat.

327 1472 384 1504 5¹·
411 1461 539 1493 Fleaeor
563 1457 676 1492 brevis
699 1458 807 1505 digiti
830 1459 946 1503 quinti
970 1470 989 1491 a
1014 1467 1207 1493 metatarso
1229 1458 1339 1502 hujus
1374 1459 1478 1506 digiti
1511 1461 1662 1495 obortus
1689 1462 1827 1507 primae

230 1525 393 1571 ejusdem
417 1523 590 1570 phalangi
616 1520 782 1568 affigitur.

329 1602 384 1632 52.
413 1587 656 1622 Lumbricules
681 1598 700 1619 a
728 1586 881 1632 singulis
906 1586 1057 1621 fiexoris
1081 1589 1286 1622 communis
1312 1588 1525 1624 tendinibus
1558 1598 1756 1624 nascuntur
1792 1599 1828 1624 et

231 1657 389 1703 primam
414 1653 616 1698 digitorum
639 1650 859 1696 phalangem
880 1660 1023 1696 petunt.

330 1731 385 1761 50.
411 1716 606 1752 Interossei
633 1716 743 1748 etiam
768 1715 971 1760 peculiares
993 1715 1123 1750 adsunt
1145 1717 1190 1750 ab
1218 1716 1358 1751 ossibus
1389 1718 1573 1752 metatarsi
1607 1719 1828 1764 provenien-

236 1794 291 1820 tes
316 1792 353 1818 et
377 1781 548 1817 humanis
571 1791 720 1825 prorsus
745 1779 901 1826 analogi.

977 1893 1002 1936 §·
1033 1905 1085 1928 η.

840 1960 1044 2004 Επρῖἰεαείο
1069 1957 1223 1993 tabulae.

331 2027 403 2072 Fig.
437 2037 465 2058 1.
502 2027 624 2059 Ranae
663 2032 837 2058 cornutae
876 2024 1038 2058 sceleton
1078 2025 1224 2059 semotis
1257 2024 1550 2059 extremitatibus
1581 2025 1826 2060 anterioribus

236 2091 395 2128 naturali
417 2089 668 2135 magnitudine
692 2090 794 2124 sistit.

335 2168 367 2190 2.
394 2158 510 2200 Caput
536 2166 555 2188 a
580 2155 694 2188 latere
719 2154 833 2189 refert
859 2165 933 2199 quo
958 2153 1084 2189 dentes
1106 2153 1385 2200 conspiciantur.
