2117 2590
203 169 253 212 16

300 267 373 302 Cel.
398 266 595 301 Mursinna
629 263 901 311 Deligationem
933 263 1190 311 chirurgicum,
1220 268 1375 300 Cursum
1406 267 1662 312 operationum
1694 277 1802 314 atque

162 357 170 364 -
201 342 319 368 artem
341 331 598 366 obstetricium.

294 396 372 431 Cel.
393 398 510 430 Turte
532 395 731 439 Physicen,
763 394 951 428 Chemiam
976 402 1012 428 et
1038 393 1287 428 Pharmaciam
1312 396 1650 440 experimentalc-m.

303 461 377 495 Cel.
400 459 668 494 VVilldenowio
693 460 903 493 Botanicen.

299 526 376 560 Cel.
405 524 696 559 Lichtensteinio
721 524 946 570 Zoologiam.

296 594 341 625 In
368 590 536 630 Clinicis,
559 589 855 623 moderatoribus
881 589 953 623 Cel.
980 587 1252 623 professoribus
1274 587 1513 630 Hufelandio,
1529 587 1686 629 Graefio,
1703 591 1802 623 Hor-

201 656 267 689 nio
292 663 328 689 et
356 655 491 695 Restio,
518 654 649 699 praxin
675 653 853 686 medicam
880 661 917 687 et
942 653 1186 699 chirurgicam
1213 653 1371 686 exercui.

300 723 408 754 Anno
435 726 524 761 ¹813
552 730 699 751 cursum
724 719 970 752 anatomicam
994 717 1157 751 obeundi
1184 717 1327 750 veniam
1358 718 1570 762 impetravi,
1605 718 1800 763 praesenti·

203 785 346 829 busque
371 783 443 817 Cel.
471 783 740 818 Professoribus
763 782 980 828 Rudolphio
1004 791 1040 816 et
1066 781 1210 827 Knapio
1235 781 1385 826 publice
1415 791 1451 815 et
1473 782 1554 827 lege
1584 782 1802 827 praescripta

204 857 394 894 sequentes
417 848 592 882 lectiones
617 848 655 881 in
680 848 826 880 theatro
853 848 1058 881 anatomico
1083 846 1243 880 absolvi:
1280 845 1315 889 1)
1342 845 1386 879 de
1415 845 1488 879 situ
1514 846 1695 880 viscerum
1721 846 1801 879 tho-

203 914 296 948 racis
322 921 359 947 et
383 912 601 946 abdominis.
640 912 678 956 2)
705 911 750 958 dp
772 912 916 957 organis
941 912 1185 957 generationis
1210 922 1316 945 sexus
1342 911 1539 955 sequioris3
1567 914 1603 952 5)
1626 910 1670 943 de
1693 911 1802 955 origi·

202 990 249 1012 ne
263 978 370 1012 nervi
386 977 607 1022 sympathici
631 976 762 1021 magni.
814 976 856 1019 4)
882 976 926 1009 de
948 976 1027 1009 basi
1053 975 1176 1009 cranii.
1226 974 1366 1008 Eodem
1391 986 1497 1014 anno,
1524 975 1723 1014 tentamine
1749 983 1800 1007 at-

208 1055 279 1089 que
314 1042 481 1076 examine
519 1041 682 1086 rigoroso
709 1039 894 1081 absoluto,
921 1038 1130 1073 Medicinae
1155 1047 1190 1072 et
1217 1038 1429 1083 Chirurgiae
1452 1038 1623 1072 Doctoris
1644 1038 1803 1072 honores

209 1107 360 1153 adeptus
384 1118 475 1148 sum,
502 1114 538 1139 et
562 1117 672 1139 cursu
696 1105 829 1138 cli-nico
857 1103 1020 1149 perfecto
1046 1115 1210 1144 examen,
1239 1102 1339 1148 quod
1363 1102 1492 1136 dicunt
1518 1102 1800 1148 approbationis,

205 1181 242 1207 et
268 1171 355 1205 artis
381 1170 611 1205 obstetriciae
637 1169 804 1204 sustinui.
854 1169 965 1203 Annis
995 1176 1084 1211 1315
1108 1176 1145 1201 et
1171 1176 1214 1210 14
1239 1166 1470 1201 moderatore
1492 1167 1565 1201 Cel.
1591 1165 1737 1201 Graefio
1763 1168 1802 1201 in

204 1236 424 1271 nosocomiis
466 1234 689 1269 militaribus
723 1233 858 1268 medici
887 1245 1035 1279 operam
1069 1232 1245 1278 praestiti.
1295 1236 1401 1266 Anno
1431 1233 1645 1278 insequente
1674 1243 1801 1266 rursus

201 1300 366 1336 medicus
388 1299 576 1334 castrensis
601 1299 737 1344 agmini
762 1299 882 1344 patrio
905 1309 1019 1342 usque
1046 1296 1090 1330 ad
1116 1294 1232 1330 finem
1257 1295 1368 1340 hujus
1395 1296 1487 1330 belli
1511 1296 1710 1341 adscriptus
1735 1296 1799 1330 fui.
