2117 2590
301 270 408 305 binae
436 271 546 305 Linn.
571 268 672 316 quod
694 267 788 302 mecl.
812 268 934 301 cultor
955 268 994 300 in
1017 266 1122 300 Alma
1145 266 1376 301 Berolinensi
1400 274 1566 301 strennus
1591 276 1671 311 gen.
1700 276 1718 298 a
1747 264 1903 300 Schlech-

301 341 424 375 tendat
443 348 529 374 ante
556 351 697 374 annum
726 347 763 373 et
790 336 889 384 quod
914 337 1079 371 excurrit
1105 335 1258 370 detexit.

1058 429 1086 467 §.
1117 438 1146 460 2.

689 515 1510 554 Columnavercebralis.

399 590 597 624 Vertebrae
622 592 746 624 Ranae
772 592 952 622 cornutae
975 588 1030 620 uti
1058 587 1168 632 Pipae
1196 595 1337 631 septem
1370 594 1627 625 numerantur,
1655 583 1744 617 dum
1773 585 1903 618 ceteris

303 672 463 706 quorum
487 659 619 693 sceleta
651 661 785 693 Museo
816 665 1027 697 servantur,
1059 660 1181 690 Ranae
1211 656 1341 697 viridi,
1368 655 1584 695 esculentae,
1611 652 1831 699 paradoxae,
1856 655 1905 687 la-

302 730 424 771 tranti,
449 728 673 773 brer-icipiti,
699 727 823 771 Hylae
850 728 1007 765 raninae,
1034 727 1183 766 lacteae,
1204 725 1396 764 arboreae,
1420 724 1557 758 Bufoni
1587 723 1746 769 vulgari,
1782 723 1905 764 viridi,

301 801 422 846 igneo,
448 807 531 832 octo
554 809 738 831 concessae
764 805 861 831 sunt.
911 795 1108 829 Vertebrae
1134 795 1273 840 primae
1297 806 1430 839 corpus
1453 793 1559 826 valde
1575 793 1780 833 robustum,
1803 792 1905 825 illius

302 877 339 903 et
366 868 520 902 duarum
546 866 817 911 insequentium
846 877 1030 910 processus
1055 864 1191 909 spinosi
1217 863 1295 897 fere
1321 863 1377 896 uti
1404 862 1442 895 in
1464 861 1644 895 vertebris
1667 861 1755 894 colli
1779 861 1906 894 huma-

301 938 358 971 nis
393 937 634 971 observantur
660 932 788 979 bifidi3
817 934 966 967 illarum
1003 933 1220 979 praesertim
1244 945 1332 966 vero
1362 931 1538 966 secundae
1574 931 1683 965 etiam
1710 930 1905 964 transversi

302 1006 421 1052 magni
449 1014 484 1039 et
510 1003 621 1044 firmi,
646 1004 777 1036 harum
804 1001 911 1035 fimul
935 1002 1099 1035 redunci.
1150 1001 1355 1034 Vertebrae
1382 1009 1532 1046 quartae
1566 1009 1602 1033 et
1635 1000 1784 1045 quintae
1819 1012 1905 1045 pro-

303 1087 421 1110 cessus
445 1074 642 1108 transversi
666 1072 788 1105 minus
813 1080 1015 1104 retrorsum
1042 1070 1153 1110 ducti,
1175 1078 1298 1103 sextae
1324 1078 1360 1103 et
1384 1070 1559 1115 septimae
1590 1068 1664 1102 fere
1688 1070 1778 1102 recti
1802 1078 1905 1110 sunt;

302 1145 478 1191 septimae
503 1143 667 1188 spinosus
694 1149 914 1181 antrorsum,
934 1147 1137 1173 ceterarum
1158 1147 1361 1174 retrorsum
1388 1147 1560 1184 spectant.

407 1214 454 1247 Os
475 1225 618 1247 sacrum
641 1221 812 1256 processu
835 1209 982 1255 spinoso
1010 1209 1203 1243 vertebrae
1232 1209 1426 1254 septimae,
1466 1219 1625 1253 quacum
1656 1219 1729 1240 non
1758 1218 1907 1241 concre-

304 1293 384 1317 tum
410 1291 474 1324 est,
499 1280 654 1321 accedit‚·
679 1290 867 1325 processus
895 1278 1090 1311 transversi
1119 1277 1334 1312 validissimi
1359 1276 1609 1323 triangulares,

404 1353 452 1386 Os
477 1350 634 1398 coccygis
659 1349 766 1383 crista
793 1356 1003 1381 antrorsum
1029 1347 1136 1381 valde
1154 1347 1247 1381 elata
1263 1347 1486 1381 instructum
1502 1347 1639 1392 parit-er
1655 1345 1817 1380 liberum
1842 1355 1903 1380 est.

1062 1439 1150 1480 §.3.

988 1507 1230 1540 Pelvis.

406 1581 495 1613 Ossa
521 1578 713 1624 utriusque
737 1576 860 1610 lateris
885 1577 1111 1610 innomtnnta
1137 1573 1449 1621 quemadmodum
1471 1574 1509 1607 in
1536 1574 1631 1607 ranis
1662 1573 1796 1608 adultis
1822 1573 1905 1609 fieri

304 1651 397 1685 solet
422 1650 461 1682 in
487 1642 637 1682 unicur'n
661 1659 699 1681 os
721 1655 900 1680 concreta.

404 1718 548 1753 Ossium
574 1717 682 1751 ilium
706 1716 801 1749 latus
826 1723 1024 1749 externum
1049 1724 1267 1754 convexum,
1303 1712 1493 1746 internum
1521 1723 1739 1752 concavum,
1776 1724 1904 1758 margo

305 1789 472 1834 superior
494 1795 620 1822 acutus
650 1785 789 1832 postice
813 1785 916 1830 spina
949 1783 1120 1830 insigni5‚
1145 1782 1299 1817 inferior
1322 1781 1486 1816 obtusus.
1540 1783 1652 1816 Crista
1675 1782 1812 1815 ossium
1838 1794 1906 1827 pu-

306 1859 362 1892 bis
387 1866 424 1892 et
448 1857 556 1891 ischii
581 1856 741 1890 maxima
766 1853 948 1899 valdeque
974 1853 1200 1899 prominens.

1064 1945 1152 1985 §4

945 2015 1269 2047 sternam.

401 2087 434 2120 A
450 2098 552 2120 more
569 2085 678 2119 solito
694 2083 868 2118 deflectit.
892 2086 1015 2118 Partes
1031 2082 1169 2115 anticae
1191 2092 1277 2113 cum
1299 2079 1453 2126 furculis
1476 2087 1513 2112 et
1535 2079 1723 2112 claviculis
1745 2078 1898 2112 coalitae

306 2158 402 2190 inter
422 2168 458 2191 se
472 2155 628 2196 liberae,
652 2152 766 2200 quid?
789 2153 888 2200 quod
909 2164 990 2198 pars
1019 2151 1147 2186 dextra
1171 2150 1333 2184 sinistrae
1353 2148 1554 2194 incumbit3
1578 2148 1757 2195 posterior
1775 2157 1899 2182 autem

1270 2221 1302 2253 A
1325 2230 1344 2252 ει
