2117 2590
221 169 250 212 4

227 257 448 292 semiformis
463 257 884 302 marginibus'anteriore
907 267 1019 300 recto,
1033 259 1246 294 lateralibus
1266 262 1450 303 convexis,
1476 263 1682 308 posteriore
1705 275 1825 298 emar-

228 328 352 374 ginato
386 328 574 367 instructa,
601 326 764 372 undique
790 327 905 360 libera
930 329 1104 373 utrinque
1129 329 1369 374 appendicem
1395 331 1665 378 cartilagineam
1694 332 1826 367 oblon-

174 401 182 409 “
227 408 309 442 gam
331 394 450 437 offert,
476 395 576 441 quod
598 394 715 441 figura
743 397 850 430 tertia
873 396 967 430 bene
992 398 1227 443 exprimitur.

981 489 1008 527 §.
1035 498 1068 529 5.

762 556 1050 590 Exn-emitas
1074 558 1293 592 anterior.

332 624 486 657 Famula
526 632 562 657 et
597 625 768 658 clavicula
810 624 870 658 hic
908 637 991 659 cum
1032 635 1156 660 sterno
1193 627 1272 660 illic
1311 639 1395 661 cum
1434 628 1578 674 scapula
1617 628 1827 663 secundaria

228 693 376 739 penitus
400 693 551 727 coalitae
578 702 672 726 sunt.
725 696 802 739 Qua
828 695 896 727 tria
921 695 984 728 illa
1000 707 1077 729 ossa
1103 696 1329 730 conveniunt
1343 696 1516 740 foramen
1543 696 1609 744 (fig
1629 710 1659 741 5.
1675 697 1721 744 a.)
1744 711 1828 732 con-

231 763 396 807 spichur,
422 763 502 795 satis
524 773 697 807 magnum
723 762 821 807 quod
849 763 953 797 brevi
975 765 1090 798 canali
1115 774 1288 811 protenso
1310 766 1347 798 in
1371 766 1564 799 cavitatem
1595 767 1741 800 humeri
1773 779 1829 800 ar-

228 832 420 865 ticularem
447 831 535 872 hiat,
560 839 596 864 et
618 831 654 863 in
682 832 777 864 ranis
798 844 904 877 supra
924 834 1117 867 nominatis
1140 834 1376 868 desideratur.
1428 838 1528 868 Dum
1550 835 1711 880 partium
1736 836 1829 868 mol-

229 901 324 934 lium
365 911 517 933 examen
554 899 852 942 instituebamus,
888 902 988 935 illius
1027 903 1183 947 suspicio
1217 903 1307 935 oriri
1337 915 1410 936 non
1446 904 1578 948 potuit,
1605 903 1665 936 sed
1688 904 1829 938 ossibus

232 969 421 1003 denudatis
450 968 595 1002 tandem
619 969 667 1002 ob
693 970 820 1002 oculos
843 970 944 1003 venit
969 979 1011 1004 ut
1035 983 1118 1004 usus
1140 970 1304 1014 ejusdem
1328 982 1392 1004 nos
1416 971 1552 1016 fngiat3
1576 971 1724 1006 bursam
1749 984 1829 1005 mu-

232 1050 350 1073 cosam
376 1038 477 1070 illius
504 1049 573 1082 ope
600 1049 683 1070 cum
708 1048 796 1070 cavo
823 1037 1008 1071 articulari
1036 1039 1306 1072 communicare
1342 1040 1586 1085 praeceptoris
1620 1040 1828 1084 conjectura

231 1116 302 1151 θεῖς
329 1108 569 1153 ligamentum
596 1114 694 1140 certe
720 1117 793 1139 non
819 1115 998 1152 penetrat,
1023 1119 1108 1141 nam
1129 1107 1277 1141 humeri
1302 1117 1411 1153 caput
1436 1108 1607 1142 foramini
1632 1109 1829 1143 obversum

231 1177 480 1210 laevissimum
507 1184 568 1208 est.

334 1245 489 1290 Scapula
512 1245 692 1289 primaria
719 1256 828 1289 quam
854 1246 1066 1279 secundaria
1091 1234 1223 1288 minor,
1248 1246 1562 1292 subtriangularis,
1587 1255 1689 1293 parte
1711 1255 1829 1293 poste-

232 1315 329 1348 riore
356 1313 606 1358 cartilaginem
638 1312 816 1347 adnexam
842 1313 963 1347 habet.
1261 1358 1264 1360 -

335 1383 383 1416 Os
410 1381 549 1416 humeri
576 1381 772 1416 robustum
797 1391 900 1427 parte
925 1382 1041 1416 antica
1069 1390 1104 1416 et
1126 1383 1311 1417 exteriore
1336 1384 1539 1429 marginem
1561 1383 1667 1418 valde
1687 1393 1828 1418 exstan-

233 1462 309 1486 tem
334 1451 457 1494 lmber,
482 1459 645 1485 ceterum
666 1452 762 1484 ranis
787 1451 1012 1486 nostratibus
1034 1451 1233 1494 conforme,
1257 1452 1356 1497 quod
1385 1452 1428 1486 de
1464 1451 1687 1488 antihrachio
1714 1452 1826 1487 etiam

233 1521 342 1555 valet.

336 1591 475 1633 Car-pus
499 1601 561 1622 sex
588 1589 725 1622 ossibus
750 1597 889 1623 cons'cat
919 1588 1061 1634 duplici
1088 1590 1179 1623 serie
1201 1589 1402 1635 dispositi83
1427 1601 1585 1634 quorum
1609 1591 1678 1623 tria
1704 1592 1827 1636 priora

235 1667 442 1692 antrorsum
468 1669 551 1690 cum
578 1657 915 1698 antibrachio,cum
939 1658 1092 1702 reliquis
1116 1666 1315 1691 retrorsum
1341 1661 1483 1692 coeunt.
1536 1659 1678 1692 Ossium
1704 1671 1827 1693 secun-

235 1728 272 1762 di
293 1727 430 1761 ordinis
456 1734 650 1760 externum
675 1727 892 1760 latissimum
915 1726 1004 1772 (Fig.
1031 1729 1096 1760 III.
1118 1734 1155 1759 et
1180 1729 1241 1760 IV.
1269 1729 1317 1765 6.)
1342 1727 1411 1760 tria
1435 1738 1510 1761 ossa
1541 1728 1738 1773 metacarpi
1764 1741 1828 1762 ex-

236 1797 346 1842 cipit,
378 1795 520 1840 reliqua
553 1794 626 1828 duo
661 1796 808 1840 exigua;
840 1794 1041 1829 secundum
1079 1807 1162 1828 cum
1197 1796 1306 1830 tertio
1336 1804 1372 1830 et
1399 1805 1540 1841 quarto,
1564 1797 1716 1830 tertium
1742 1809 1826 1831 curn

237 1873 367 1912 quarto
394 1872 431 1897 et
454 1864 582 1909 quinto
611 1865 808 1910 metacarpi
831 1876 909 1897 osse
930 1864 1180 1898 articulantur.

333 1933 459 1980 Digiti
484 1941 641 1978 quatuor
663 1941 698 1965 et
723 1933 877 1966 totidem
901 1933 1099 1978 metacarpi
1123 1945 1198 1966 ossa
1225 1934 1425 1979 completa3
1452 1935 1572 1979 quinti
1595 1945 1658 1967 sen
1682 1935 1826 1980 pollicis

237 2003 435 2049 vestigium
460 2010 581 2035 tamen
609 2002 697 2047 (fig.
724 2005 788 2042 111,
811 2005 871 2035 IV.
903 2005 948 2040 ι.)
970 2003 1093 2048 negari
1118 2014 1192 2036 non
1216 2011 1346 2049 potest,
1377 2003 1464 2036 licet
1490 2002 1654 2048 phalanx
1680 2004 1737 2037 illi
1762 2005 1826 2038 ad-

238 2073 312 2106 dita
338 2083 411 2104 non
434 2071 488 2104 sit.
538 2071 656 2116 Digiti
684 2072 822 2116 primus
844 2079 880 2104 et
905 2071 1081 2105 secundus
1108 2071 1261 2114 duobus,
1288 2072 1415 2107 tertius
1442 2071 1608 2117 (insimul
1634 2080 1670 2105 et
1691 2073 1827 2119 longis-

238 2138 366 2184 simus)
394 2151 476 2174 cum
498 2149 626 2184 quarto
653 2140 769 2174 tribus
791 2148 955 2174 constant
981 2141 1134 2175 ossibus.
