2117 2590
265 189 317 218 10

265 274 414 322 quidem
441 285 480 307 ac
503 271 645 306 homini
672 270 789 305 datur.
840 273 871 306 A
904 270 1041 317 postica
1076 268 1270 316 superficie
1304 269 1489 306 inferioris
1515 274 1599 309 ossis
1620 275 1770 311 humeri
1799 290 1863 312 ex-

266 339 457 374 trs-mitatis
482 347 605 371 enatus
633 337 760 371 cri-*tae
782 337 826 371 ab
853 337 1023 371 olecrano
1049 337 1158 382 longe
1184 335 1391 370 decurrenti
1419 337 1594 373 inseritur
1630 350 1666 375 et
1705 343 1862 378 amibra-

266 405 391 438 chium
417 403 537 436 valide
567 402 744 436 extendit.

367 477 473 510 14-—
497 472 549 501 16.
592 468 825 513 Smpz'natores
853 466 985 500 nostris
1015 465 1164 511 quidem
1200 464 1360 510 armIogi,
1384 466 1564 502 functioni
1588 478 1728 514 tamen,
1757 484 1864 518 quam

267 546 400 568 nomen
429 533 614 578 exprimit,
642 532 688 566 ob
715 532 870 565 alienam
891 531 1038 564 articuli
1063 530 1281 564 antibrachii
1306 531 1503 574 rationem,
1536 535 1690 580 impares
1721 537 1759 570 in
1793 549 1864 571 cor-

267 608 356 633 nuta
383 607 453 632 tres
479 598 764 643 conspiciuntur,
790 608 878 641 quos
905 597 1082 630 Cuvierus
1114 595 1298 629 minorem
1327 596 1424 630 forte
1456 609 1580 632 ranam
1611 601 1764 635 secando
1796 614 1863 647 pro

267 664 376 698 unico
402 663 542 696 habuit.

364 731 513 762 Horum
539 727 612 760 duo
638 727 747 774 longi,
775 724 891 760 brevis
924 725 1064 759 tertius.
1116 727 1250 760 Omnes
1281 737 1300 758 a
1332 725 1492 769 condyio
1524 727 1671 763 humeri
1700 739 1864 772 externo,

267 792 329 827 sed
355 792 476 826 brevis
501 791 546 825 ab
574 791 647 825 illis
674 799 802 832 tectus,
824 791 1058 836 proveniunt,
1089 798 1204 824 totam
1220 789 1441 824 antibrachii
1459 792 1588 826 faciem
1611 792 1790 828 dorsalem
1807 796 1866 838 ¹le-

268 866 362 904 guut
387 865 423 890 et
445 855 554 899 hujus
577 855 770 889 tuberculo
792 855 1014 889 inseruntur.

373 933 426 963 17.
454 922 634 955 Pronator
660 929 749 955 teres
774 932 793 954 a
816 920 976 964 condylo
998 921 1146 953 interno
1171 928 1296 953 enatus
1322 919 1541 954 antibrachii
1568 922 1762 957 tuberculo
1785 923 1866 956 dor-

269 986 335 1021 saIi
361 983 530 1031 affigitur.

370 1057 422 1089 18.
453 1061 505 1091 19.
537 1051 748 1083 Extensores
772 1048 874 1092 carpi
895 1047 1050 1081 racliales
1075 1046 1148 1080 duo
1174 1047 1218 1080 ab
1239 1047 1386 1081 humeri
1404 1048 1563 1092 condylo
1584 1050 1731 1084 interno
1747 1053 1867 1086 exorti

268 1124 394 1149 tenues
419 1123 503 1149 sunt
529 1122 565 1148 et
591 1114 728 1147 ossibus
753 1113 951 1157 metacarpi
978 1111 1084 1159 digiti
1103 1111 1232 1146 indicis
1253 1120 1290 1146 et
1308 1112 1420 1147 medii
1438 1114 1659 1149 inseruntur.
1709 1119 1869 1150 Manum

271 1180 383 1214 simul
408 1179 604 1212 adducunt.

369 1256 424 1278 20.
449 1246 624 1278 Exterzsor
653 1243 754 1287 carpi
780 1243 918 1276 ulum-is
940 1241 1167 1282 fortissimus,
1192 1241 1342 1276 tendine
1364 1254 1480 1277 crasso
1509 1255 1526 1276 a
1544 1244 1705 1289 condylo
1729 1245 1869 1279 brachii

271 1317 426 1344 externo
448 1316 584 1349 enatus,
611 1307 752 1340 ossibus
774 1307 873 1352 carpi
896 1306 952 1339 uti
976 1314 1012 1339 et
1038 1306 1108 1338 ossi
1134 1307 1331 1351 metacarpi
1357 1306 1466 1353 digiti
1480 1308 1624 1342 minimi
1647 1307 1783 1351 affixus,
1800 1322 1868 1344 ma-

270 1386 364 1409 num
389 1385 462 1407 non
488 1373 609 1406 solum
635 1371 802 1406 extendit
825 1371 887 1405 sed
910 1371 1020 1404 etiam
1046 1369 1206 1404 abducit.

370 1451 425 1472 21.
455 1439 582 1472 Flexor
610 1437 809 1485 cligicormn
831 1435 1034 1469 communis
1062 1443 1135 1468 tam
1161 1434 1281 1479 hujus,
1306 1447 1415 1481 quam
1438 1434 1587 1471 ssexoris
1606 1438 1706 1482 carpi
1727 1446 1764 1471 et
1794 1439 1869 1484 pal-

271 1504 383 1538 maris
408 1503 510 1548 Jongi
534 1502 674 1535 vicibus
701 1501 878 1547 fungitur.

370 1567 499 1601 Oritur
533 1579 552 1600 a
588 1565 748 1608 condylo
780 1565 928 1598 humeri
959 1564 1117 1605 interno,
1148 1571 1316 1598 ventrem
1349 1563 1541 1598 constituit
1567 1565 1732 1600 validum
1761 1575 1798 1600 et
1830 1568 1869 1601 in

273 1644 381 1678 carpo
407 1639 561 1677 augetur
583 1630 750 1664 musculo
774 1629 879 1663 brevi
911 1638 947 1662 at
970 1629 1074 1669 forti,
1097 1629 1157 1673 qui
1191 1628 1236 1661 ab
1269 1628 1487 1662 antibrachii
1520 1629 1714 1663 tuberculo
1751 1632 1870 1665 volari

273 1697 473 1738 enamstur,
506 1694 775 1741 quodammodo
807 1694 968 1740 palmari
1007 1692 1102 1726 brevi
1135 1693 1307 1738 analogo,
1341 1701 1420 1726 tum
1451 1692 1600 1726 tendine
1625 1692 1711 1727 fisso
1736 1696 1869 1740 partim

272 1760 552 1796 lumbricalibus
576 1759 778 1806 digitorum
805 1758 1051 1803 conjungitur,
1077 1769 1150 1802 quo
1178 1765 1214 1790 et
1238 1769 1386 1802 carpum
1409 1765 1445 1790 et
1469 1757 1600 1803 digitos
1622 1757 1755 1793 flectat.

377 1838 431 1859 22.
460 1827 639 1860 Extensor
664 1824 859 1858 communis
886 1823 1086 1871 digitorum
1118 1823 1246 1869 longus
1280 1822 1399 1855 tenuis
1436 1822 1481 1855 ab
1523 1822 1671 1856 humeri
1711 1824 1870 1869 condylo

275 1899 430 1925 externo
457 1889 676 1936 proveniens
706 1890 745 1923 in
779 1898 852 1923 tres
890 1888 967 1922 abit
999 1886 1165 1921 tendines
1195 1886 1311 1932 digito
1341 1887 1511 1929 secundo,
1546 1887 1656 1921 tertio
1682 1897 1718 1922 et
1742 1899 1871 1935 quarto

275 1954 419 1990 infixos.

377 2032 432 2063 23.
459 2022 637 2054 Extenmr
661 2017 786 2051 indicis
812 2019 952 2066 longus.-
980 2016 1190 2051 abductoris
1209 2015 1320 2050 simul
1346 2014 1487 2049 vicibus
1514 2016 1668 2062 fungens
1688 2016 1781 2050 latus
1807 2016 1870 2051 sed

276 2085 397 2118 tenuis
429 2096 447 2117 a
479 2084 642 2129 margine
674 2083 792 2116 volari
825 2083 1047 2117 antibrachii
1081 2090 1230 2115 exortus
1264 2081 1356 2114 circa
1382 2081 1493 2116 illum
1518 2081 1667 2116 volutus
1692 2081 1731 2115 in
1756 2080 1870 2115 tendi-

275 2161 361 2184 nem
386 2149 462 2183 abit
486 2147 658 2195 phalangi
681 2148 822 2193 primae
847 2147 954 2194 digiti
979 2147 1108 2182 indicis
1133 2146 1378 2181 inserendum.
