2117 2590
1793 155 1843 198 15

336 266 366 296 5.
395 256 478 288 Ossa
504 250 615 287 sterni
642 262 727 285 cum
753 247 1048 283 extremitatibus
1076 246 1329 282 anterioribus.
1350 260 1379 282 a.
1408 248 1573 283 foramen
1601 249 1745 285 articuli
1772 252 1841 287 hu-

233 320 383 354 meralis
412 318 456 352 de
479 329 551 363 quo
579 315 609 361 §.
637 326 668 359 5.
696 316 826 362 agitur.
852 327 865 347 1
896 333 945 338 —
972 327 1003 357 7.
1032 324 1108 346 ossa
1133 314 1243 358 carpi.

332 397 365 425 4.
391 386 549 428 Carpum
585 393 604 416 a
635 382 748 415 latere
778 379 968 426 superiore
1000 379 1131 419 refert,
1160 378 1263 422 cujus
1290 378 1385 411 latus
1413 378 1565 413 inferius
1591 378 1708 426 figura
1733 382 1838 416 tertIa

235 449 447 484 exhibetur.

334 524 365 554 5.
393 516 526 546 Tarsus
549 511 593 545 ab
620 510 792 544 inferiore
819 509 933 543 latere
956 509 1074 552 visus3
1100 520 1117 541 a
1141 508 1329 553 superiore
1356 506 1473 553 figura
1496 510 1612 554 prima
1639 510 1808 545 liabetur.

243 642 1841 660 mmmwmmmmm

444 744 950 790 CURRICULUM
999 744 1211 786 VITAE
1257 742 1629 786 AUCTORIS

929 834 951 859 E
977 833 1153 859 DECRETO

503 905 831 939 GRATIOSAE
855 905 1214 938 FACULTATIS
1240 904 1568 940 ADJECTUM.

240 1044 500 1117 Christianus
527 1079 734 1114 Guilelmus
761 1078 939 1119 Klotzke,
972 1077 1227 1124 Nienburgiae
1259 1078 1297 1111 in
1328 1078 1477 1112 Ducatu
1510 1076 1712 1112 Anhaltino
1742 1089 1838 1111 anno

241 1153 332 1187 1789
359 1154 474 1186 natus,
499 1153 601 1191 patre
629 1145 708 1179 cive
733 1144 899 1185 honesto,
921 1151 1042 1176 morte
1067 1151 1296 1188 praematura
1317 1144 1410 1176 mihi
1440 1143 1560 1177 adhuc
1589 1154 1704 1188 puero
1737 1154 1839 1187 erep-

237 1218 286 1251 to,
314 1222 332 1243 a
358 1210 514 1256 septimo
538 1210 583 1243 ad
606 1210 792 1243 decimum
821 1217 965 1243 sextum
999 1208 1125 1242 aetatis
1156 1219 1293 1241 aunum
1322 1209 1360 1242 in
1392 1208 1517 1242 schola
1553 1207 1682 1253 oppidi
1712 1207 1840 1241 natalis

236 1275 445 1308 litterarum
473 1275 663 1308 elementis
698 1276 899 1308 instructus
932 1284 1025 1307 sum.
1094 1275 1200 1306 Anno
1239 1277 1329 1311 1806
1368 1273 1586 1307 Berolinum
1626 1273 1734 1318 petii,
1775 1272 1840 1306 ubi

238 1340 374 1374 illustr.
409 1340 598 1374 Walterus
631 1340 894 1373 amanuensem'
918 1350 978 1371 me
1007 1337 1157 1383 recepit.
1215 1338 1464 1371 Universitate
1496 1337 1694 1370 instaurata
1717 1340 1844 1371 Prose-

239 1405 348 1438 ctoris
374 1404 498 1438 Musei
525 1405 719 1438 anatomici
751 1415 884 1437 munus
921 1403 1079 1447 suscepi,
1112 1415 1184 1447 quo
1214 1413 1281 1447 per
1312 1402 1436 1447 plures
1468 1413 1578 1435 annos
1616 1401 1740 1447 fungi,
1773 1402 1839 1435 cel.

240 1469 450 1502 Professore
476 1469 692 1514 Rudolphio
714 1468 936 1508 moderante,
978 1466 1071 1500 mihi
1106 1467 1271 1513 contigit.
1327 1465 1468 1500 Eodem
1497 1475 1663 1512 tempore
1702 1467 1840 1500 civium

240 1532 529 1567 academicorum
557 1545 712 1566 numero
730 1532 929 1577 adscxiptns
946 1531 1068 1565 studio
1085 1531 1228 1566 medico
1247 1531 1412 1572 incubui,
1432 1532 1695 1576 praelectiones
1717 1531 1840 1565 debita

240 1597 449 1632 assiduitate
474 1597 608 1631 audivi.
633 1598 705 1632 Cel.
732 1597 950 1642 Rudolphio
985 1596 1152 1630 tradente
1175 1595 1505 1642 Encyclopaediam
1537 1605 1574 1630 et
1600 1595 1840 1631 Methodolo-

240 1664 337 1708 giam
363 1662 560 1704 medicam,
591 1663 824 1696 Anatomiam
850 1662 1012 1707 corporis
1045 1662 1120 1694 sani
1146 1670 1182 1695 et
1216 1661 1381 1695 morbosi
1405 1672 1473 1695 nec
1494 1673 1569 1695 non
1596 1669 1842 1707 comparatam

241 1727 525 1774 Physiologiam‚
551 1727 806 1773 Pathologiam
821 1735 857 1760 et
871 1727 1076 1761 Historiam
1093 1730 1362 1771 Entozoorum;

340 1792 412 1826 Cel.
436 1792 578 1836 Knapio
608 1792 863 1837 Osteologiam‚
891 1791 1228 1836 Syndesmologiam
1256 1799 1293 1824 et
1318 1789 1545 1825 Medicinam
1569 1789 1759 1826 forensem.

339 1857 412 1891 Cel.
442 1860 589 1890 Decano
612 1854 766 1898 Graefio‚
793 1857 1027 1902 Chirurgiam
1053 1856 1299 1890 universalem
1331 1864 1367 1889 et
1392 1856 1587 1901 specialem
1620 1864 1730 1902 atque
1763 1867 1843 1891 cur-

243 1934 323 1957 sum
349 1921 615 1967 operationum.

343 1987 416 2021 Cel.
442 1986 671 2021 Hufelandio
697 1986 894 2020 Nsateriam
918 1984 1095 2019 medicam
1124 1994 1232 2031 atque
1253 1985 1474 2031 Therapiam
1494 1984 1703 2030 specialem.

341 2052 414 2086 Cel.
440 2052 561 2085 Reilio
584 2051 834 2097 Pathologiam
862 2051 1069 2097 generalem
1097 2059 1133 2084 et
1159 2051 1378 2096 Therapiam
1404 2050 1610 2096 specialem.

343 2116 416 2151 Cel.
442 2117 588 2151 Hornio
614 2117 867 2163 Pathologiam
894 2124 930 2150 et
954 2117 1174 2161 Therapiam
1200 2116 1405 2162 specialem.
